01297cam a2200337 i 4500
001 9952160874001401
005 20220810155757.0
008 790517r19681967enk           001 0 eng d
010    $a 68017604
020    $a 0195020200
035    $a 695
035    $a (Mills)RLINCMCG10761373-B
035    $a (MillsTIND)1645
040    $a CSt $c CSt $d COMC
043    $a e-uk---
092    $a 942.06 $b B851v
100 1  $a Bridenbaugh, Carl.
245 10 $a Vexed and troubled Englishmen, 1590-1642.
260    $a London; Oxford; New York : $b Oxford Univ. Press, $c 1976 printing.
300    $a xxi, 487 p. ; $c 21 cm.
500    $a At head of title :  The beginnings of the American people
651  0 $a Great Britain $x History $y Early Stuarts, 1603-1649.
651  0 $a Great Britain $x Emigration and immigration.
907    $a .b10019133 $b 2014-09-30 $c 2001-05-15
909 CO $o oai:mills.tind.io:1645 $p GLOBAL_SET
913    $a BIB
945    $a 942.06 B851v $b   -  -   $e   -  -   $f 0 $g 1 $i 33086000106955 $j 0 $l bknf  $o - $p $0.00 $q - $r - $s - $t 40 $u 0 $v 0 $w 0 $x 0 $y .i10021619 $z 05-15-01 $h 0 $2 0 $3 0 $k   -  -   $4   -  -  
947 00 $a LTI060707
979    $a Pbook
998    $a bk $b 2001-03-23 $c m $d a $e - $f eng $g enk $h 0 $i 0
999    $a 8 $b 33086000106955 $c 1 $e Status: on shelf $f 20200612 $g 8 $h Suppress: 0 $i 942.06 B851v $j 942.06 B851v $r TOT_CHECKOUT: 0

