01347cam a2200361 i 4500
001 9952161847801401
005 20220810162054.0
008 791203s1978    coub     b    001 0 eng  
010    $a 78002030
020    $a 0891581669 : $c $25.00
035    $a 2113
035    $a (Mills)RLINCMCG13132628-B
035    $a (MillsTIND)5102
043    $a e-gx---
050 0  $a DD228 $b .P33
082    $a 943.08
092    $a 943.08 P116m
100 1  $a Pachter, Henry Maximilian, $d 1907-
245 10 $a Modern Germany : $b a social, cultural, and political history / $c Henry M. Pachter.
260    $a Boulder, Colo. : $b Westview Press, $c 1978.
300    $a xi, 415 p. : $b maps ; $c 24 cm.
500    $a Includes indexes.
504    $a Bibliography: p. 387-398.
651  0 $a Germany $x History $y William II, 1888-1918.
651  0 $a Germany $x History $y 20th century.
907    $a .b10057845 $b 2007-10-10 $c 2001-05-15
909 CO $o oai:mills.tind.io:5102 $p GLOBAL_SET
913    $a BIB
945    $a 943.08 P116m $b   -  -   $e   -  -   $f 0 $g 1 $i 33086000121137 $j 0 $l bknf  $o - $p $0.00 $q - $r - $s - $t 40 $u 0 $v 0 $w 0 $x 0 $y .i10067413 $z 05-15-01 $h 0 $2 0 $3 0 $k   -  -   $4   -  -  
947 00 $a LTI060707
979    $a Pbook
998    $a bk $b 2001-03-23 $c m $d a $e - $f eng $g cou $h 0 $i 0
999    $a 8 $b 33086000121137 $c 1 $e Status: on shelf $f 20200612 $g 8 $h Suppress: 0 $i 943.08 P116m $j 943.08 P116m $r TOT_CHECKOUT: 0

