01272nam a2200313K  4500
001 9952161977301401
005 20220810162121.0
008 890427n        gw f          000 0 ger d
035    $a 65455
035    $a (Mills)ocm19612049 
035    $a (MillsTIND)9441
040    $a MIQ $c MIQ
041 1  $a ger $h und
049    $a MIQA
092    $a 220.539 $b B582Lp
130 0  $a Bible. $l German.
245 14 $a Die Bibel, oder die ganze Heilige Schrift des Alten und Neuen Testaments $c nach der deutschen Uebersetzung Dr. Martin Luther's.
250    $a Stereotyp. ausg. der preussischen Haupt-Bibelgesellschaft; 39. aufl.
260    $a Berlin, $b Koniglichen geheimen ober-hofbuchdruckerei (R. Decker) $c [n.d.]
300    $a xxviii, 916, 163, 312 p. $b front., 1 pl.
907    $a .b10106765 $b 2011-06-02 $c 2001-05-15
909 CO $o oai:mills.tind.io:9441 $p GLOBAL_SET
910    $a rcp14
913    $a BIB
945    $b   -  -   $e   -  -   $f 0 $g 1 $i 33086000768747 $j 0 $l bknf  $o - $p $0.00 $q - $r - $s - $t 40 $u 1 $v 0 $w 0 $x 0 $y .i10121882 $z 05-15-01 $h 0 $2 0 $3 0 $k 10-10-2006 21:39 $4 10-10-06
947 00 $a LTI060707
979    $a Pbook
998    $a bk $b 2001-03-23 $c m $d a $e - $f ger $g gw  $h 4 $i 0
999    $a 8 $b 33086000768747 $c 1 $e Status: on shelf $f 20200612 $g 8 $h Suppress: 0 $j 220.539 B582Lp $r TOT_CHECKOUT: 1 $s LCD: 10-10-06

