01509cam a2200397 i 4500
001 9952162386201401
005 20220810162918.0
008 801106r19771976nyuaf    b    001 0 eng  
010    $a 77075006
020    $a 039440761X : $c $17.95
035    $a 5254
035    $a (Mills)RLINCMCG19638795-B
035    $a (MillsTIND)14280
043    $a e-uk---
050 0  $a DA560 $b .J35 1977
082    $a 941.082
092    $a 942.082 $b J28b
100 1  $a James, Robert Rhodes, $d 1933-
240 00 $a British revolution
245 14 $a The British revolution, 1880-1939 / $c Robert Rhodes James.
250    $a 1st American ed.
260    $a New York : $b Knopf, $c 1977.
300    $a xiv, 653 p., [8] leaves of plates : $b ill. ; $c 25 cm.
500    $a First published in 1976 under title: The British revolution; British politics, 1880-1939.
500    $a Includes index.
504    $a Bibliography: p. 621-630.
651  0 $a Great Britain $x Politics and government $y 1837-1901.
651  0 $a Great Britain $x Politics and government $y 1901-1936.
907    $a .b10160814 $b 2007-10-30 $c 2001-05-15
909 CO $o oai:mills.tind.io:14280 $p GLOBAL_SET
913    $a BIB
945    $b   -  -   $e   -  -   $f 0 $g 1 $i 33086000152546 $j 0 $l bknf  $o - $p $0.00 $q - $r - $s - $t 40 $u 0 $v 0 $w 0 $x 0 $y .i10183450 $z 05-15-01 $h 0 $2 0 $3 0 $k   -  -   $4   -  -  
947 00 $a LTI060707
979    $a Pbook
998    $a bk $b 2001-03-23 $c m $d a $e - $f eng $g nyu $h 4 $i 0
999    $a 8 $b 33086000152546 $c 1 $e Status: on shelf $f 20200612 $g 8 $h Suppress: 0 $j 942.082 J28b $r TOT_CHECKOUT: 0

