01057nam a2200301K  4500
001 9952162551801401
005 20220810162957.0
008 890428n        xx bcf        000 0 ger d
035    $a 66381
035    $a (Mills)ocm19617752 
035    $a (MillsTIND)12118
040    $c MIQ
041 1  $a ger $h und
049    $a MIQA
092    $a 220.539 $b B582
130 0  $a Bible. $l German.
245 15 $a [Die Heilige Schrift; $b Alte Testament, Apocrypha, und Neue Testament]
260    $a [n.p., $c n.d.]
300    $a 544, 159 p. $b front. (port.) plates, fold. map. $c 22 cm.
907    $a .b10136678 $b 2007-06-12 $c 2001-05-15
909 CO $o oai:mills.tind.io:12118 $p GLOBAL_SET
910    $a rcp01
913    $a BIB
945    $b   -  -   $e   -  -   $f 0 $g 1 $i 33086003454915 $j 0 $l bknf  $o - $p $0.00 $q - $r - $s - $t 40 $u 0 $v 0 $w 0 $x 0 $y .i10155156 $z 05-15-01 $h 0 $2 0 $3 0 $k   -  -   $4   -  -  
947 00 $a LTI060707
979    $a Pbook
998    $a bk $b 2001-03-23 $c m $d a $e - $f ger $g xx  $h 5 $i 0
999    $a 8 $b 33086003454915 $c 1 $e Status: on shelf $f 20200612 $g 8 $h Suppress: 0 $j 220.539 B582 $r TOT_CHECKOUT: 0

