01436cam a2200409 i 4500
001 9952163035301401
005 20220810163819.0
008 810615s1979    enka          001 0 eng  
010    $a 78041034
015    $a GB79
020    $a 058248278X
020    $a 0582488354 (pbk.) : $c L.6.95
035    $a 6881
035    $a (Mills)RLINCMCG24690643-B
035    $a (MillsTIND)19351
040    $d COMC $d CStRLIN
043    $a e-uk-en
050 0  $a DA533 $b .R37
082    $a 942.081
092    $a 942.081 $b R282e
100 1  $a Read, Donald.
245 10 $a England, 1868-1914 : $b the age of urban democracy / $c by Donald Read.
260    $a London ; $a New York : $b Longman, $c 1979.
300    $a xiv, 530 p. : $b ill. ; $c 22 cm.
490 1  $a A History of England
504    $a Includes bibliographical references and index.
651  0 $a England $x Civilization $y 19th century.
651  0 $a England $x Civilization $y 20th century.
830  0 $a History of England.
907    $a .b10216765 $b 2007-10-30 $c 2001-05-15
909 CO $o oai:mills.tind.io:19351 $p GLOBAL_SET
913    $a BIB
945    $b   -  -   $e   -  -   $f 0 $g 1 $i 33086000168823 $j 0 $l bknf  $o - $p $0.00 $q - $r - $s - $t 40 $u 0 $v 0 $w 0 $x 0 $y .i10250268 $z 05-15-01 $h 0 $2 0 $3 0 $k   -  -   $4   -  -  
947 00 $a LTI060707
979    $a Pbook
998    $a bk $b 2001-03-23 $c m $d a $e - $f eng $g enk $h 0 $i 0
999    $a 8 $b 33086000168823 $c 1 $e Status: on shelf $f 20200612 $g 8 $h Suppress: 0 $j 942.081 R282e $r TOT_CHECKOUT: 0

