01853cam a2200373   4500
001 9952163390501401
005 20220810140517.0
008 770912|||||||||nyu           ||| | eng  
010    $a 76184946
020    $a 0809067021 $c $7.95
020    $a 0809014033 (pbk)
035    $a 8426
035    $a (Mills)RLINCMCG4998456-B
035    $a (MillsTIND)24076
040    $d CStRLIN
050    $a BR326.K575 1973
082    $a 230/.4/10924 $a B
092    $a 208 $b L973Xk
100 1  $a Koenigsberger, H. G. $q (Helmut Georg)
245 10 $a Luther; a profile. $c Edited by H. G. Koenigsberger.
250    $a [1st ed.]
260    $a New York, Hill and Wang $c [1973]
300    $a xxi, 234 p. $c 21 cm.
440  0 $a World profiles
505 0  $a Brief biography of Martin Luther.--Ranke, L. von. The beginning of the Reformation.--Febvre, L. The crisis of 1521-1525.--Ritter, G. The founder of the Evangelical churches.--Engels, F. The Marxist interpretation of Luther.--Erikson, E. H. The search for identity.--Rupp, G. Luther and government.--Haegglund, B. The doctrine of justification.--Ebeling, G. Luther's words.--Pinomaa, L. The doctrine of predestination.--Gerrish, B. A. Luther's belief in reason.--Bornkamm, H. Luther's translation of the New Testament. --Blume, F. Luther the musician.--Bibliography (p. 227-229)
600 10 $a Luther, Martin, $d 1483-1546.
907    $a .b1026890x $b 2007-10-30 $c 2001-05-15
909 CO $o oai:mills.tind.io:24076 $p GLOBAL_SET
913    $a BIB
945    $a 208 L973Xk $b   -  -   $e   -  -   $f 0 $g 1 $i 33086000184283 $j 0 $l bknf  $o - $p $0.00 $q - $r - $s - $t 40 $u 0 $v 0 $w 0 $x 0 $y .i10309238 $z 05-15-01 $h 0 $2 0 $3 0 $k   -  -   $4   -  -  
947 00 $a LTI060707
979    $a Pbook
998    $a bk $b 2001-03-23 $c m $d a $e - $f eng $g nyu $h 0 $i 0
999    $a 8 $b 33086000184283 $c 1 $e Status: on shelf $f 20200612 $g 8 $h Suppress: 0 $i 208 L973Xk $j 208 L973Xk $r TOT_CHECKOUT: 0

