01442cam a2200349 i 4500
001 9952163403201401
005 20220810140502.0
008 770810s1975    ilu           000 0 eng  
010    $a 75028674
020    $a 0814132235 : $c $3.95
035    $a 8243
035    $a (Mills)RLINCMCG4813995-B
035    $a (MillsTIND)23505
040    $d COMC
050    $a LB1576.M44
082    $a 420/.76
092    $a 420.76 $b M527m
100 1  $a Mellon, John C.
245 10 $a National assessment and the teaching of English : $b results of the first National Assessment of Educational Progress in writing, reading, and literature : implications for teaching and measurement in the English language arts / $c John C. Mellon.
260    $a Urbana, Ill. : $b National Council of Teachers of English, $c [1975]
300    $a 127 p. ; $c 23 cm.
610 20 $a National Assessment of Educational Progress (Project)
650  0 $a Language arts.
650  0 $a English language $x Examinations.
907    $a .b10262647 $b 2007-10-29 $c 2001-05-15
909 CO $o oai:mills.tind.io:23505 $p GLOBAL_SET
913    $a BIB
945    $b   -  -   $e   -  -   $f 0 $g 1 $i 33086000182451 $j 0 $l bknf  $o - $p $0.00 $q - $r - $s - $t 40 $u 0 $v 0 $w 0 $x 0 $y .i10302013 $z 05-15-01 $h 0 $2 0 $3 0 $k   -  -   $4   -  -  
947 00 $a LTI060707
979    $a Pbook
998    $a bk $b 2001-03-23 $c m $d a $e - $f eng $g ilu $h 0 $i 0
999    $a 8 $b 33086000182451 $c 1 $e Status: on shelf $f 20200612 $g 8 $h Suppress: 0 $j 420.76 M527m $r TOT_CHECKOUT: 0

