01545cam a2200349   4500
001 9952163528601401
005 20220810140559.0
008 770927|||||||||nyu           ||| | eng  
010    $a 68026825
035    $a 8475
035    $a (Mills)RLINCMCG5099927-B
035    $a (MillsTIND)24232
050    $a P123.U5
082    $a 410
092    $a 410 $b U58
245 00 $a Universals in linguistic theory, $c edited by Emmon Bach [and] Robert T. Harms.
260    $a New York, Holt, Rinehart and Winston $c [1968]
300    $a ix, 210 p. $b illus. $c 24 cm.
500    $a Papers presented at a symposium held at the University of Texas at Austin on April 13-15, 1967.
505 0  $a The case for case, by C. J. Fillmore.--Nouns and noun phrases, by E. Bach.--The role of semantics in a grammar, by J. D. McCawley.--Linguistic universals and linguistic change, by P. Kiparsky.--References (p. 205-210)
650  0 $a Universals (Linguistics) $v Congresses.
700 1  $a Bach, Emmon W., $d 1929-
700 1  $a Harms, Robert T. $q (Robert Thomas), $d 1932-
710 2  $a University of Texas.
907    $a .b1027070x $b 2007-10-29 $c 2001-05-15
909 CO $o oai:mills.tind.io:24232 $p GLOBAL_SET
913    $a BIB
945    $b   -  -   $e   -  -   $f 0 $g 1 $i 33086000184788 $j 0 $l bknf  $o - $p $0.00 $q - $r - $s - $t 40 $u 0 $v 0 $w 0 $x 0 $y .i10311154 $z 05-15-01 $h 0 $2 0 $3 0 $k   -  -   $4   -  -  
947 00 $a LTI060707
979    $a Pbook
998    $a bk $b 2001-03-23 $c m $d a $e - $f eng $g nyu $h 0 $i 0
999    $a 8 $b 33086000184788 $c 1 $e Status: on shelf $f 20200612 $g 8 $h Suppress: 0 $j 410 U58 $r TOT_CHECKOUT: 0

