01353nam a2200385 a 4500
001 9952163661501401
005 20220810140611.0
008 950522s1973    fr       b    001 0 fre  
010    $a 73177511
020    $a 203070332X
035    $a 256989
035    $a (Mills)CMCG95-B1996
035    $a (MillsTIND)27441
040    $c NN $d NN $d COMC
050    $a P301 $b .D4
092    $a 410 $b D339L 1973
100 1  $a Delas, Daniel.
245 10 $a Linguistique et poetique / $c par Daniel Delas et Jacques Filliolet.
260    $a Paris : $b Larousse, $c c1973.
300    $a 206 p. ; $c 21 cm.
440  0 $a Langue et langage
500    $a "Larousse universite."
500    $a Bibliography: p. 197-200.
500    $a Includes index.
650  0 $a Language and languages $x Style.
650  0 $a Poetics.
700 1  $a Filliolet, Jacques.
907    $a .b10307540 $b 2007-10-29 $c 2001-05-15
909 CO $o oai:mills.tind.io:27441 $p GLOBAL_SET
913    $a BIB
945    $b   -  -   $d EUSTIS $e   -  -   $f 0 $g 1 $i 33086003319894 $j 0 $l bknf  $o - $p $0.00 $q - $r - $s - $t 40 $u 0 $v 0 $w 0 $x 0 $y .i10355170 $z 05-15-01 $h 0 $2 0 $3 0 $k   -  -   $4   -  -   $6 GIFT
947 00 $a LTI060707
979    $a Pbook
998    $a bk $b 2001-03-23 $c m $d a $e - $f fre $g fr  $h 0 $i 0
999    $a 8 $b 33086003319894 $c 1 $e Status: on shelf $f 20200612 $g 8 $h Suppress: 0 $j 410 D339L 1973 $r TOT_CHECKOUT: 0 $s Donor: EUSTIS| Requestor: GIFT

