01367cam a2200361 i 4500
001 9952163664001401
005 20220810140619.0
008 780303s1977    nyua     b    001 0ceng  
010    $a 77004227
020    $a 0670129615
035    $a 9291
035    $a (Mills)RLINCMCG6153933-B
035    $a (MillsTIND)26637
043    $a e-ur---
050 0  $a DK221 $b .B76 1977
082    $a 322.4/2/0947
092    $a 322.42 $b B866a
100 1  $a Broido, Vera.
245 10 $a Apostles into terrorists : $b women and the revolutionary movement in the Russia of Alexander II / $c by Vera Broido.
260    $a New York : $b Viking Press, $c 1977.
300    $a vii, 238 p. : $b ill. ; $c 22 cm.
500    $a Includes index.
504    $a Bibliography: p. 219-225.
650  0 $a Women revolutionaries $z Russia $v Biography.
651  0 $a Russia $x Politics and government $y 1855-1881.
907    $a .b10298393 $b 2007-10-11 $c 2001-05-15
909 CO $o oai:mills.tind.io:26637 $p GLOBAL_SET
913    $a BIB
945    $a 322.42 B866a $b   -  -   $e   -  -   $f 0 $g 1 $i 33086000192971 $j 0 $l bknf  $o - $p $0.00 $q - $r - $s - $t 40 $u 0 $v 0 $w 0 $x 0 $y .i10344809 $z 05-15-01 $h 0 $2 0 $3 0 $k   -  -   $4   -  -  
947 00 $a LTI060707
979    $a Pbook
998    $a bk $b 2001-03-23 $c m $d a $e - $f eng $g nyu $h 0 $i 0
999    $a 8 $b 33086000192971 $c 1 $e Status: on shelf $f 20200612 $g 8 $h Suppress: 0 $i 322.42 B866a $j 322.42 B866a $r TOT_CHECKOUT: 0

