01419cam a2200385 i 4500
001 9952163743201401
005 20220810141352.0
008 771108|||||||||pau           ||| | eng  
010    $a 75004946
020    $a 0664207383
035    $a 8699
035    $a (Mills)RLINCMCG5400503-B
035    $a (MillsTIND)24906
050    $a BR757.C85
082    $a 209/.42
092    $a 209 $b C885f
100 1  $a Cragg, Gerald R. $q (Gerald Robertson)
245 10 $a Freedom and authority : $b a study of English thought in the early seventeenth century / $c by Gerald R. Cragg.
260    $a Philadelphia : Westminster Press, $c [1975]
300    $a 334 p. ; $c 23 cm.
500    $a Includes index.
504    $a Bibliography: p. 303-323.
650  0 $a Authority $x Religious aspects $x History.
650  0 $a Liberty $x History.
650  0 $a Catholics $z England.
650  0 $a Religious thought $z England.
651  0 $a England $x Intellectual life $y 17th century.
907    $a .b10278291 $b 2007-10-29 $c 2001-05-15
909 CO $o oai:mills.tind.io:24906 $p GLOBAL_SET
913    $a BIB
945    $b   -  -   $e   -  -   $f 0 $g 1 $i 33086000187021 $j 0 $l bknf  $o - $p $0.00 $q - $r - $s - $t 40 $u 0 $v 0 $w 0 $x 0 $y .i10319633 $z 05-15-01 $h 0 $2 0 $3 0 $k   -  -   $4   -  -  
947 00 $a LTI060707
979    $a Pbook
998    $a bk $b 2001-03-23 $c m $d a $e - $f eng $g pau $h 0 $i 0
999    $a 8 $b 33086000187021 $c 1 $e Status: on shelf $f 20200612 $g 8 $h Suppress: 0 $j 209 C885f $r TOT_CHECKOUT: 0

