01429cam a2200397 i 4500
001 9952163853901401
005 20220810142152.0
008 780706s1978    nyuaf    b    001 0beng  
010    $a 77075868
020    $a 0385116632 : $c $12.95
035    $a 10215
035    $a (Mills)RLINCMCG7255047-B
035    $a (MillsTIND)29648
040    $d CStRLIN
043    $a e-uk---
050 0  $a DA347 $b .E74
082    $a 942.05/4/0924 $a B
092    $a 942.054 $b M3931e 1978
100 1  $a Erickson, Carolly, $d 1943-
245 10 $a Bloody Mary / $c Carolly Erickson.
250    $a 1st ed.
260    $a Garden City, N.Y. : $b Doubleday, $c 1978.
300    $a xii, 533 p., [9] leaves of plates : $b ill. ; $c 24 cm.
500    $a Includes index.
504    $a Bibliography: p. [511]-517.
600 00 $a Mary $b I, $c Queen of England, $d 1516-1558.
651  0 $a Great Britain $x History $y Mary I, 1553-1558.
651  0 $a Great Britain $x Kings and rulers $v Biography.
907    $a .b10332005 $b 2007-06-12 $c 2001-05-15
909 CO $o oai:mills.tind.io:29648 $p GLOBAL_SET
913    $a BIB
945    $b   -  -   $e   -  -   $f 0 $g 1 $i 33086000202259 $j 0 $l bknf  $o - $p $0.00 $q - $r - $s - $t 40 $u 0 $v 0 $w 0 $x 0 $y .i10382811 $z 05-15-01 $h 0 $2 0 $3 0 $k   -  -   $4   -  -  
947 00 $a LTI060707
979    $a Pbook
998    $a bk $b 2001-03-23 $c m $d a $e - $f eng $g nyu $h 0 $i 0
999    $a 8 $b 33086000202259 $c 1 $e Status: on shelf $f 20200612 $g 8 $h Suppress: 0 $j 942.054 M3931e 1978 $r TOT_CHECKOUT: 0

