01295cam a2200361 i 4500
001 9952164017201401
005 20220810142043.0
008 780824s1976    enkac    b    001 0 eng  
010    $a 77363310
015    $a GB77-06995
020    $a 085974051X : $c L.4.25
035    $a 10519
035    $a (Mills)RLINCMCG7741790-B
035    $a (MillsTIND)30678
043    $a e-gx---
050 0  $a DD234 $b .L43
082    $a 943.085
092    $a 943.085 $b L615w
100 1  $a Larsen, Egon, $d 1904-
245 10 $a Weimar eyewitness / $c [by] Egon Larsen [i.e. E. Lehrburger].
260    $a London : $b Bachman and Turner, $c 1976.
300    $a 192 p. : $b ill., ports. ; $c 23 cm.
500    $a Includes index.
504    $a Bibliography: p. 185-186.
651  0 $a Germany $x History $y 1918-1933 $v Sources.
907    $a .b10343003 $b 2007-10-11 $c 2001-05-15
909 CO $o oai:mills.tind.io:30678 $p GLOBAL_SET
913    $a BIB
945    $a 943.085 L615w $b   -  -   $e   -  -   $f 0 $g 1 $i 33086000205294 $j 0 $l bknf  $o - $p $0.00 $q - $r - $s - $t 40 $u 0 $v 0 $w 0 $x 0 $y .i10395532 $z 05-15-01 $h 0 $2 0 $3 0 $k   -  -   $4   -  -  
947 00 $a LTI060707
979    $a Pbook
998    $a bk $b 2001-03-23 $c m $d a $e - $f eng $g enk $h 0 $i 0
999    $a 8 $b 33086000205294 $c 1 $e Status: on shelf $f 20200612 $g 8 $h Suppress: 0 $i 943.085 L615w $j 943.085 L615w $r TOT_CHECKOUT: 0

