01356nam a2200361   4500
001 9952164484201401
005 20220810143031.0
008 820215r19691949nyua          00| 0|eng| 
010    $a 69018580
035    $a 12098
035    $a (Mills)RLINCMCG82-B491
035    $a (MillsTIND)35772
040    $c NN $d NN $d COMC
050    $a PM7875.G8 $b T8 1969
092    $a 427.9 $b T948a
100 1  $a Turner, Lorenzo Dow.
245 10 $a Africanisms in the Gullah dialect $b [by] Lorenzo D. Turner.
260    $a New York, $b Arno Press, $c 1969.
300    $a xi, 317 p. $b illus., maps. $c 25 cm.
490 1  $a The American Negro, his history and literature.
500    $a Reprint of the 1949 ed.
500    $a Bibliography: p. 293-299.
650  0 $a Sea Islands Creole dialect.
650  0 $a Black English.
830  0 $a American Negro, his history and literature.
907    $a .b10397875 $b 2007-10-29 $c 2001-05-15
909 CO $o oai:mills.tind.io:35772 $p GLOBAL_SET
913    $a BIB
945    $b   -  -   $e   -  -   $f 0 $g 1 $i 33086000221127 $j 0 $l bknf  $o - $p $0.00 $q - $r - $s - $t 40 $u 0 $v 0 $w 0 $x 0 $y .i10458104 $z 05-15-01 $h 0 $2 0 $3 0 $k   -  -   $4   -  -  
947 00 $a LTI060707; subfield 9 deleted 100107
979    $a Pbook
998    $a bk $b 2001-03-23 $c m $d a $e - $f eng $g nyu $h 0 $i 0
999    $a 8 $b 33086000221127 $c 1 $e Status: on shelf $f 20200612 $g 8 $h Suppress: 0 $j 427.9 T948a $r TOT_CHECKOUT: 0

