02190cam a2200409   4500
001 9952164592401401
005 20220810143054.0
008 820301r19641857enka          001 0 eng  
010    $a 70080199
035    $a 12214
035    $a (Mills)RLINCMCG82-B609
035    $a (MillsTIND)36123
050 0  $a DA345 $b .A25 1964
082    $a 942.05/3/0924
092    $a 942.053 $b E25L
100 0  $a Edward $b VI, $c King of England, $d 1537-1553.
245 10 $a Literary remains of King Edward the Sixth. $b Edited from his autograph manuscripts, with historical notes and a biographical memoir, $c by John Gough Nichols.
260    $a New York, $b B. Franklin $c [1964]
300    $a 2 v. (3, 12, ccclx, 634 p.) $b illus. $c 26 cm.
490 1  $a Burt Franklin research & source works series ; $v 51
500    $a This ed. was originally printed for the Roxburghe Club in 1857.
505 0  $a v. 1. Preface, containing an account of the sources of the work. Biographical memoir. Appendix. Letters. Orationes. Exercises in the French language. Poetry.--v. 2. The journal. State papers and political essays. Additional notes.
600 00 $a Edward $b VI, $c King of England, $d 1537-1553.
651  0 $a Great Britain $x History $y Edward VI, 1547-1553.
700 1  $a Nichols, John Gough, $d 1806-1873.
710 2  $a Roxburghe Club.
830  0 $a Burt Franklin research & source works series ; $v no. 51.
907    $a .b10401921 $b 2007-10-30 $c 2001-05-15
909 CO $o oai:mills.tind.io:36123 $p GLOBAL_SET
913    $a BIB
945    $a 942.053  E25L $b   -  -   $c v.1 $e   -  -   $f 0 $g 1 $i 33086000222281 $j 0 $l bknf  $o - $p $0.00 $q - $r - $s - $t 40 $u 0 $v 0 $w 0 $x 0 $y .i10462752 $z 05-15-01 $h 0 $2 0 $3 0 $k   -  -   $4   -  -  
945    $a 942.053  E25L $b   -  -   $c v.2 $e   -  -   $f 0 $g 1 $i 33086001693258 $j 0 $l bknf  $o - $p $0.00 $q - $r - $s - $t 40 $u 0 $v 0 $w 0 $x 0 $y .i10462764 $z 05-15-01 $h 0 $2 0 $3 0 $k   -  -   $4   -  -  
947 00 $a LTI060707
979    $a Pbook
998    $a bk $b 2001-03-23 $c m $d a $e - $f eng $g enk $h 0 $i 0
999    $a 8 $b 33086001693258 $c 1 $d v.2 $e Status: on shelf $f 20200612 $g 8 $h Suppress: 0 $i 942.053  E25L $j 942.053 E25L $r TOT_CHECKOUT: 0
999    $a 8 $b 33086000222281 $c 1 $d v.1 $e Status: on shelf $f 20200612 $g 8 $h Suppress: 0 $i 942.053  E25L $j 942.053 E25L $r TOT_CHECKOUT: 0

