01270cam a2200313Ii 4500
001 9952167472201401
005 20220810152602.0
008 770404s1935    nyu           000 0 eng d
035    $a 85163
035    $a (Mills)ocm02859926 
035    $a (MillsTIND)69328
040    $a WHE $c WHE $d m.c. $d OCL $d MIQ
049    $a MIQA
092    $a 822 $b A899b 1935
100 1  $a Auden, W. H. $q (Wystan Hugh), $d 1907-1973.
245 14 $a The dog beneath the skin : $b or, Where is Francis? ; a play in three acts / $c by W. H. Auden and Christopher Isherwood.
246 3  $a Where is Francis?
260    $a New York : $b Random House, $c 1935.
300    $a 161 p. ; $c 22 cm.
700 1  $a Isherwood, Christopher, $d 1904-1986. $t Dog beneath the skin.
907    $a .b10770355 $b 2017-06-02 $c 2001-05-16
909 CO $o oai:mills.tind.io:69328 $p GLOBAL_SET
910    $a rcp13
913    $a BIB
945    $b   -  -   $e   -  -   $f 0 $g 1 $i 33086000981134 $j 0 $l bknf  $n Signed by W.H. Auden $o - $p $0.00 $q - $r - $s - $t 40 $u 0 $v 0 $w 0 $x 0 $y .i10929253 $z 05-16-01 $h 0 $2 0 $3 0 $k   -  -   $4   -  -  
947 00 $a LTI060707
979    $a Pbook
998    $a bk $b 2001-03-23 $c m $d a $e - $f eng $g nyu $h 4 $i 0
999    $a 8 $b 33086000981134 $c 1 $e Status: on shelf $f 20200612 $g 8 $h Suppress: 0 $j 822 A899b 1935 $r TOT_CHECKOUT: 0 $s Note: Signed by W.H. Auden

