01327nam a2200325I  4500
001 9952167696701401
005 20220810152645.0
008 760211s1911    nyu           000 0 eng  
010    $a 11018447
035    $a 85234
035    $a (Mills)ocm01984846 
035    $a (MillsTIND)69545
040    $a DLC $c TLM $d m.c. $d MIQ
049    $a MIQA $c 14870, 126768
092    $a 822 $b B471w
100 1  $a Bennett, Arnold, $d 1867-1931.
245 10 $a What the public wants; $b a play in four acts, $c by Arnold Bennett ...
260    $a New York, $b Doran $c [c1911]
300    $a 151 p. $c 20 cm.
907    $a .b10772716 $b 2007-06-12 $c 2001-05-16
909 CO $o oai:mills.tind.io:69545 $p GLOBAL_SET
910    $a rcp13
913    $a BIB
945    $b   -  -   $e   -  -   $f 0 $g 1 $i 33086000982074 $j 0 $l bknf  $o - $p $0.00 $q - $r - $s - $t 40 $u 0 $v 0 $w 0 $x 0 $y .i1093263x $z 05-16-01 $h 0 $2 0 $3 0 $k   -  -   $4   -  -  
945    $b   -  -   $e   -  -   $f 0 $g 1 $i 33086000982066 $j 0 $l bknf  $o - $p $0.00 $q - $r - $s - $t 40 $u 0 $v 0 $w 0 $x 0 $y .i10932641 $z 05-16-01 $h 0 $2 0 $3 0 $k   -  -   $4   -  -  
947 00 $a LTI060707
979    $a Pbook
998    $a bk $b 2001-03-23 $c m $d a $e - $f eng $g nyu $h 0 $i 0
999    $a 8 $b 33086000982074 $c 1 $e Status: on shelf $f 20200612 $g 8 $h Suppress: 0 $j 822 B471w $r TOT_CHECKOUT: 0
999    $a 8 $b 33086000982066 $c 1 $e Status: on shelf $f 20200612 $g 8 $h Suppress: 0 $j 822 B471w $r TOT_CHECKOUT: 0

