01339nam a2200325I  4500
001 9952167697901401
005 20220810152644.0
008 780322s1918    nyu           000 0 eng  
010    $a 18017471
035    $a 85232
035    $a (Mills)ocm03740585 
035    $a (MillsTIND)69539
040    $a DLC $c IQU $d m.c. $d MIQ
049    $a MIQA $c 25488, 22738
092    $a 822 $b B471t
100 1  $a Bennett, Arnold, $d 1867-1931.
245 14 $a The title; $b a comedy in three acts, $c by Arnold Bennett.
260    $a New York, $b George H. Doran company $c [c1918]
300    $a ix, 11-111 p. $c 20 cm.
907    $a .b10772650 $b 2007-06-12 $c 2001-05-16
909 CO $o oai:mills.tind.io:69539 $p GLOBAL_SET
910    $a rcp13
913    $a BIB
945    $b   -  -   $e   -  -   $f 0 $g 1 $i 33086000981944 $j 0 $l bknf  $o - $p $0.00 $q - $r - $s - $t 40 $u 0 $v 0 $w 0 $x 0 $y .i10932483 $z 05-16-01 $h 0 $2 0 $3 0 $k   -  -   $4   -  -  
945    $b   -  -   $e   -  -   $f 0 $g 1 $i 33086000981936 $j 0 $l bknf  $o - $p $0.00 $q - $r - $s - $t 40 $u 0 $v 0 $w 0 $x 0 $y .i10932495 $z 05-16-01 $h 0 $2 0 $3 0 $k   -  -   $4   -  -  
947 00 $a LTI060707
979    $a Pbook
998    $a bk $b 2001-03-23 $c m $d a $e - $f eng $g nyu $h 4 $i 0
999    $a 8 $b 33086000981944 $c 1 $e Status: on shelf $f 20200612 $g 8 $h Suppress: 0 $j 822 B471t $r TOT_CHECKOUT: 0
999    $a 8 $b 33086000981936 $c 1 $e Status: on shelf $f 20200612 $g 8 $h Suppress: 0 $j 822 B471t $r TOT_CHECKOUT: 0

