01296nam a2200361 a 4500
001 9952167723401401
005 20220810152711.0
008 850305s1964    ilu      b    001 0 eng d
010    $a 64011101
035    $a 23278
035    $a (Mills)RLINCMCG85-B666
035    $a (MillsTIND)69251
040    $a CtYL
092    $a 323.4 $b B358pu
100 1  $a Bayley, David H.
245 10 $a Public liberties in the new states / $c David H. Bayley.
260    $a Chicago : $b Rand McNally, $c c1964.
300    $a 152 p. ; $c 22 cm.
490 1  $a Rand McNally political science series. Studies in political change
504    $a Bibliography: p. 145-148.
650  0 $a Liberty.
650  0 $a Political rights.
650  0 $a Civil rights.
650  0 $a Newly independent states.
830  0 $a Rand McNally political science series.
907    $a .b10769444 $b 2007-10-29 $c 2001-05-16
909 CO $o oai:mills.tind.io:69251 $p GLOBAL_SET
913    $a BIB
945    $b   -  -   $e   -  -   $f 0 $g 1 $i 33086000333039 $j 0 $l bknf  $o - $p $0.00 $q - $r - $s - $t 40 $u 0 $v 0 $w 0 $x 0 $y .i10927773 $z 05-16-01 $h 0 $2 0 $3 0 $k   -  -   $4   -  -  
947 00 $a LTI060707
979    $a Pbook
998    $a bk $b 2001-03-23 $c m $d a $e - $f eng $g ilu $h 0 $i 0
999    $a 8 $b 33086000333039 $c 1 $e Status: on shelf $f 20200612 $g 8 $h Suppress: 0 $j 323.4 B358pu $r TOT_CHECKOUT: 0

