01237nam a2200361 i 4500
001 9952168084501401
005 20220810153606.0
008 850722s1979    enka     b    001 0 eng  
010    $a 79319266
015    $a GB***
020    $a 0856649058 : $c L.6.95
035    $a 24675
035    $a (Mills)RLINCMCG85-B2087
035    $a (MillsTIND)73523
043    $a e-uk-en
050 0  $a DA152.2 $b .S37
082    $a 942.01
092    $a 942.01 $b S425s
100 1  $a Scott, A. F. $q (Arthur Finley)
245 14 $a The Saxon age : $b commentaries of an era / $c A. F. Scott.
260    $a London : $b Croom Helm, $c c1979.
300    $a 182 p. : $b ill. ; $c 23 cm.
500    $a Includes index.
504    $a Bibliography: p. 168-169.
650  0 $a Civilization, Anglo-Saxon.
907    $a .b10815120 $b 2007-10-30 $c 2001-05-16
909 CO $o oai:mills.tind.io:73523 $p GLOBAL_SET
913    $a BIB
945    $b   -  -   $e   -  -   $f 0 $g 1 $i 33086000347021 $j 0 $l bknf  $o - $p $0.00 $q - $r - $s - $t 40 $u 0 $v 0 $w 0 $x 0 $y .i10990240 $z 05-16-01 $h 0 $2 0 $3 0 $k   -  -   $4   -  -  
947 00 $a LTI060707
979    $a Pbook
998    $a bk $b 2001-03-23 $c m $d a $e - $f eng $g enk $h 4 $i 0
999    $a 8 $b 33086000347021 $c 1 $e Status: on shelf $f 20200612 $g 8 $h Suppress: 0 $j 942.01 S425s $r TOT_CHECKOUT: 0

