01158nam a2200337|  4500
001 9952168873001401
005 20220810141538.0
008 860312s1961    caua         s000 0 eng u
010    $a 61014653/L
035    $a 27668
035    $a (Mills)RLINCMCG86-B971
035    $a (MillsTIND)82273
040    $c ODaWU $d MnSU $d CStRLIN $d IaU
050 0  $a P325 $b .U6 1961
082    $a 412
092    $a 412 $b U71d
100 1  $a Upton, Albert.
245 10 $a Design for thinking; $b a first book in semantics.
260    $a Stanford $b Stanford University Press, $c 1961.
300    $a 240 p. $b illus. $c 23cm.
650  0 $a Semantics.
650  0 $a Meaning (Psychology)
650  0 $a Psycholinguistics.
907    $a .b10909096 $b 2007-10-29 $c 2001-05-16
909 CO $o oai:mills.tind.io:82273 $p GLOBAL_SET
913    $a BIB
945    $b   -  -   $e   -  -   $f 0 $g 1 $i 33086000377002 $j 0 $l bknf  $o - $p $0.00 $q - $r - $s - $t 40 $u 0 $v 0 $w 0 $x 0 $y .i11108538 $z 05-16-01 $h 0 $2 0 $3 0 $k   -  -   $4   -  -  
947 00 $a LTI060707
979    $a Pbook
998    $a bk $b 2001-03-23 $c m $d a $e - $f eng $g cau $h 0 $i 0
999    $a 8 $b 33086000377002 $c 1 $e Status: on shelf $f 20200612 $g 8 $h Suppress: 0 $j 412 U71d $r TOT_CHECKOUT: 0

