01198cam a2200337   4500
001 9952168877901401
005 20220810141542.0
008 860312s1966    nyua     b    001 0 eng  
010    $a 66014478
035    $a 27660
035    $a (Mills)RLINCMCG86-B963
035    $a (MillsTIND)82249
040    $c IEN
050    $a P121 $b .L37
082    $a 410.18
092    $a 410.18 $b L253L
100 1  $a Landar, Herbert Jay.
245 10 $a Language and culture $c [by] Herbert Landar.
260    $a New York, $b Oxford University Press, $c 1966.
300    $a xiv, 274 p. $b illus. $c 24 cm.
504    $a Bibliography: p. 244-254.
650  0 $a Language and languages.
650  0 $a Linguistics $x Research.
907    $a .b10908857 $b 2007-10-29 $c 2001-05-16
909 CO $o oai:mills.tind.io:82249 $p GLOBAL_SET
913    $a BIB
945    $a 410.18  L253L $b   -  -   $e   -  -   $f 0 $g 1 $i 33086000376921 $j 0 $l bknf  $o - $p $0.00 $q - $r - $s - $t 40 $u 0 $v 0 $w 0 $x 0 $y .i11108241 $z 05-16-01 $h 0 $2 0 $3 0 $k   -  -   $4   -  -  
947 00 $a LTI060707
979    $a Pbook
998    $a bk $b 2001-03-23 $c m $d a $e - $f eng $g nyu $h 0 $i 0
999    $a 8 $b 33086000376921 $c 1 $e Status: on shelf $f 20200612 $g 8 $h Suppress: 0 $i 410.18  L253L $j 410.18 L253L $r TOT_CHECKOUT: 0

