02276cam a2200409 i 4500
001 9952168925301401
005 20220810141547.0
008 781027s1977    alua     b    011 0 eng  
010    $a 77007169
020    $a 0817305033
035    $a 26696
035    $a (Mills)RLINCMCG8593744-B
035    $a (MillsTIND)79493
040    $d COMC
050 0  $a PE1072 $b .J35
082    $a 410
092    $a 410 $b J28
245 00 $a James B. McMillan : $b essays in linguistics by his friends and colleagues / $c edited by James C. Raymond and I. Willis Russell.
260    $a University : $b University of Alabama Press, $c c1977.
300    $a xvii, 184 p. : $b ill. ; $c 22 cm.
504    $a "Publications on the English language by James B. McMillan": p. [xiv]-xvii.
504    $a Includes bibliographical references and index.
505 0  $a Raymond, J. C. and I. W. Russell. James B. McMillan.- Dialectology: Allen, H. B. The linguistic atlas of the Upper Midwest as a source of sociolinguistic information.  Duckert, A. R. The winds of change. McDavid, R. I., Jr. and R. K. O'Cain. "Existential" there and it. McDavid, V. The social distribution of selected verb forms in the linguistic atlas of the North Central States.--Grammar: Algeo, J. Grammatical usage. Marino, M. Toward a modal paradigm. Pederson, L. Grassroots grammar in the Gulf States.--Lexicography: Burchfield, R. W. Further aspects of short-term historical lexicography. Cassidy, F. G. Use of computers in one lexicographical project. Chapman, R. L. Dictionary reviews and reviewing. Porter, M. G. On redefining oriented.
600 10 $a McMillan, James B., $d 1907-
650  0 $a English language.
650  0 $a Linguistics.
700 1  $a McMillan, James B., $d 1907-
700 1  $a Raymond, James C., $d 1940-
700 1  $a Russell, I. Willis, $d 1903-
907    $a .b10878725 $b 2007-10-29 $c 2001-05-16
909 CO $o oai:mills.tind.io:79493 $p GLOBAL_SET
913    $a BIB
945    $b   -  -   $e   -  -   $f 0 $g 1 $i 33086000367276 $j 0 $l bknf  $o - $p $0.00 $q - $r - $s - $t 40 $u 0 $v 0 $w 0 $x 0 $y .i11071953 $z 05-16-01 $h 0 $2 0 $3 0 $k   -  -   $4   -  -  
947 00 $a LTI060707
979    $a Pbook
998    $a bk $b 2001-03-23 $c m $d a $e - $f eng $g alu $h 0 $i 0
999    $a 8 $b 33086000367276 $c 1 $e Status: on shelf $f 20200612 $g 8 $h Suppress: 0 $j 410 J28 $r TOT_CHECKOUT: 0

