01154nam a2200325|i 4500
001 9952168961901401
005 20220810142237.0
008 860403s1939    nyua     |||| 000 0 eng d
010    $a 39027726
035    $a 28155
035    $a (Mills)RLINCMCG86-B1463
035    $a (MillsTIND)83667
040    $d COMC
082    $a 422
092    $a 422 $b E71i
100 1  $a Ernst, Margaret S. $q (Margaret Samuels), $d b. 1894.
245 10 $a In a word / $c by Margaret S. Ernst ; drawings by James Thurber.
250    $a 1st ed.
260    $a New York : $b Knopf, $c c1939.
300    $a ix, 251 p. : $b ill. ; $c 22 cm.
650  0 $a American wit and humor.
650  0 $a English language $x Etymology.
907    $a .b10923986 $b 2007-10-29 $c 2001-05-16
909 CO $o oai:mills.tind.io:83667 $p GLOBAL_SET
913    $a BIB
945    $b   -  -   $e   -  -   $f 0 $g 1 $i 33086000381871 $j 0 $l bknf  $o - $p $0.00 $q - $r - $s - $t 40 $u 0 $v 0 $w 0 $x 0 $y .i11125937 $z 05-16-01 $h 0 $2 0 $3 0 $k   -  -   $4   -  -  
947 00 $a LTI060707
979    $a Pbook
998    $a bk $b 2001-03-23 $c m $d a $e - $f eng $g nyu $h 0 $i 0
999    $a 8 $b 33086000381871 $c 1 $e Status: on shelf $f 20200612 $g 8 $h Suppress: 0 $j 422 E71i $r TOT_CHECKOUT: 0

