01414nam a2200337|  4500
001 9952168963201401
005 20220810142232.0
008 860331s1938    ilu      b    000 0 eng  
010    $a 38012327
035    $a 28048
035    $a (Mills)RLINCMCG86-B1354
035    $a (MillsTIND)83350
040    $a F $c F $d NNU $d CStRLIN $d PPT
050    $a P211 $b .R4
092    $a 417.7 $b R463w
100 1  $a Reynolds, Henry James, $d b. 1852.
245 14 $a The world's oldest writings; $b a story of the ups and downs of civilization as told by man's earliest known literary relics. Being an authoritative digest of the whole subject of ancient writings, $c by Henry James Reynolds.
260    $a Chicago, $b Antiquities Corp. $c [c1938]
300    $a xviii, 328 p. $b incl. front. (port.) illus. $c 24 cm.
504    $a "List of authorities cited and consulted": p. 297-298.
650  0 $a Writing $x History.
650  0 $a Inscriptions.
650  0 $a Manuscripts.
907    $a .b10920638 $b 2007-10-29 $c 2001-05-16
909 CO $o oai:mills.tind.io:83350 $p GLOBAL_SET
913    $a BIB
945    $b   -  -   $e   -  -   $f 0 $g 1 $i 33086000380808 $j 0 $l bknf  $o - $p $0.00 $q - $r - $s - $t 40 $u 0 $v 0 $w 0 $x 0 $y .i11122213 $z 05-16-01 $h 0 $2 0 $3 0 $k   -  -   $4   -  -  
947 00 $a LTI060707
979    $a Pbook
998    $a bk $b 2001-03-23 $c m $d a $e - $f eng $g ilu $h 4 $i 0
999    $a 8 $b 33086000380808 $c 1 $e Status: on shelf $f 20200612 $g 8 $h Suppress: 0 $j 417.7 R463w $r TOT_CHECKOUT: 0

