01421nam a2200385   4500
001 9952168965601401
005 20220810142233.0
008 860331s1932    nyuach   b    000 0 eng  
010    $a 32029646
035    $a 28041
035    $a (Mills)RLINCMCG86-B1347
035    $a (MillsTIND)83326
040    $c CtY $d CtY
050 0  $a Z105 $b .U41
082    $a 417
092    $a 417.7 $b U41a
100 1  $a Ullman, B. L. $q (Berthold Louis), $d 1882-1965.
245 10 $a Ancient writing and its influence, $c by B. L. Ullman.
260    $a New York, $b Longmans, Green and co., $c 1932.
300    $a vii, 234 p. $b illus., xvi pl. (incl. facsims.) on 8 l. $c 19 cm.
490 1  $a Our debt to Greece and Rome; editors: G.D. Hadzsits ... D.M. Robinson. [38]
500    $a "First edition."
504    $a Bibliography: p. 231-234.
650  0 $a Paleography.
650  0 $a Alphabet.
650  0 $a Writing $x History.
830  0 $a Our debt to Greece and Rome ; $v 38.
907    $a .b10920389 $b 2007-10-29 $c 2001-05-16
909 CO $o oai:mills.tind.io:83326 $p GLOBAL_SET
913    $a BIB
945    $b   -  -   $e   -  -   $f 0 $g 1 $i 33086000380733 $j 0 $l bknf  $o - $p $0.00 $q - $r - $s - $t 40 $u 0 $v 0 $w 0 $x 0 $y .i1112183x $z 05-16-01 $h 0 $2 0 $3 0 $k   -  -   $4   -  -  
947 00 $a LTI060707
979    $a Pbook
998    $a bk $b 2001-03-23 $c m $d a $e - $f eng $g nyu $h 0 $i 0
999    $a 8 $b 33086000380733 $c 1 $e Status: on shelf $f 20200612 $g 8 $h Suppress: 0 $j 417.7 U41a $r TOT_CHECKOUT: 0

