01164nam a22003251  4500
001 9952169026101401
005 20220810142255.0
008 860331s1964    ilua     b    000 0 eng  
010    $a 64015809//r82
035    $a 28032
035    $a (Mills)RLINCMCG86-B1338
035    $a (MillsTIND)83297
050 0  $a PB36 $b .R58
082    $a 407
092    $a 407 $b R622p
100 1  $a Rivers, Wilga M.
245 14 $a The psychologist and the foreign-language teacher.
260    $a Chicago, $b University of Chicago Press $c [1964]
300    $a viii, 212 p. $b illus. $c 23 cm.
504    $a Bibliography: p. 194-201.
650  0 $a Languages, Modern $x Study and teaching.
650  0 $a Psycholinguistics.
907    $a .b10920080 $b 2007-10-29 $c 2001-05-16
909 CO $o oai:mills.tind.io:83297 $p GLOBAL_SET
913    $a BIB
945    $b   -  -   $e   -  -   $f 0 $g 1 $i 33086000380642 $j 0 $l bknf  $o - $p $0.00 $q - $r - $s - $t 40 $u 0 $v 0 $w 0 $x 0 $y .i11121403 $z 05-16-01 $h 0 $2 0 $3 0 $k   -  -   $4   -  -  
947 00 $a LTI060707
979    $a Pbook
998    $a bk $b 2001-03-23 $c m $d a $e - $f eng $g ilu $h 4 $i 0
999    $a 8 $b 33086000380642 $c 1 $e Status: on shelf $f 20200612 $g 8 $h Suppress: 0 $j 407 R622p $r TOT_CHECKOUT: 0

