01293nam a2200337   4500
001 9952169293301401
005 20220810142405.0
008 860417s1969    dcuab         000 0 eng  
010    $a 71084378//r86
035    $a 28460
035    $a (Mills)RLINCMCG86-B1771
035    $a (MillsTIND)84547
043    $a n-us-mi
050 0  $a PE3101.M5 $b W6
082    $a 427/.9/77434
092    $a 427.97743 $b W861s
100 1  $a Wolfram, Walt, $d 1941-
245 12 $a A sociolinguistic description of Detroit Negro speech $c [by] Walter A. Wolfram.
260    $a Washington, $b Center for Applied Linguistics, $c 1969.
300    $a xvii, 237 p. $b illus., maps. $c 23 cm.
440  0 $a Urban language series ; $v 5
650  0 $a English language $x Dialects $z Michigan $z Detroit.
650  0 $a Speech and social status $z Michigan $z Detroit.
907    $a .b10933396 $b 2007-10-29 $c 2001-05-16
909 CO $o oai:mills.tind.io:84547 $p GLOBAL_SET
913    $a BIB
945    $b   -  -   $e   -  -   $f 0 $g 1 $i 33086000384925 $j 0 $l bknf  $o - $p $0.00 $q - $r - $s - $t 40 $u 0 $v 0 $w 0 $x 0 $y .i11137551 $z 05-16-01 $h 0 $2 0 $3 0 $k   -  -   $4   -  -  
947 00 $a LTI060707
979    $a Pbook
998    $a bk $b 2001-03-23 $c m $d a $e - $f eng $g dcu $h 2 $i 0
999    $a 8 $b 33086000384925 $c 1 $e Status: on shelf $f 20200612 $g 8 $h Suppress: 0 $j 427.97743 W861s $r TOT_CHECKOUT: 0

