01258nam a2200361   4500
001 9952169294501401
005 20220810142407.0
008 860417s1969    nyua          000 0 eng  
010    $a 73077137//r85
035    $a 28455
035    $a (Mills)RLINCMCG86-B1766
035    $a (MillsTIND)84535
040    $d COMC
043    $a n-us---
050 0  $a PE2831 $b .L3
082    $a 422
092    $a 422 $b L287
245 00 $a Language in America, $c edited by Neil Postman, Charles Weingartner, and Terence P. Moran.
260    $a New York, $b Pegasus $c [1969]
300    $a xii, 240 p. $b illus. $c 22 cm.
650  0 $a English language $z United States.
650  0 $a English language $x Semantics.
700 1  $a Postman, Neil.
700 1  $a Weingartner, Charles.
700 1  $a Moran, Terence P.
907    $a .b10933268 $b 2007-10-29 $c 2001-05-16
909 CO $o oai:mills.tind.io:84535 $p GLOBAL_SET
913    $a BIB
945    $b   -  -   $e   -  -   $f 0 $g 1 $i 33086000384875 $j 0 $l bknf  $o - $p $0.00 $q - $r - $s - $t 40 $u 0 $v 0 $w 0 $x 0 $y .i11137423 $z 05-16-01 $h 0 $2 0 $3 0 $k   -  -   $4   -  -  
947 00 $a LTI060707
979    $a Pbook
998    $a bk $b 2001-03-23 $c m $d a $e - $f eng $g nyu $h 0 $i 0
999    $a 8 $b 33086000384875 $c 1 $e Status: on shelf $f 20200612 $g 8 $h Suppress: 0 $j 422 L287 $r TOT_CHECKOUT: 0

