01310nam a2200325   4500
001 9952169417201401
005 20220810142451.0
008 891016s1904    nyubce        000 0beng  
010    $a 04030596
035    $a 98184
035    $a (Mills)RLINCMCG89-B5940
035    $a (MillsTIND)106892
040    $c MiU $d MiU $d COMC
050 0  $a DA68.12.W4 $b M8
092    $a 942.07 $b M877w
100 1  $a Morris, William O'Connor, $d 1824-1904.
245 10 $a Wellington, soldier and statesman, and the revival of the military power of England, $c by William O'Connor Morris.
260    $a New York [etc.] $b G. P. Putnam's sons $c [c1904]
300    $a xix, 398 p. $b front., ports., maps (2 fold.) plans. $c 20 cm.
440  0 $a Heroes of the nations
600 10 $a Wellington, Arthur Wellesley, $c Duke of, $d 1769-1852.
651  0 $a Great Britain $x History.
907    $a .b11174791 $b 2007-10-30 $c 2001-05-16
909 CO $o oai:mills.tind.io:106892 $p GLOBAL_SET
913    $a BIB
945    $b   -  -   $e   -  -   $f 0 $g 1 $i 33086002133692 $j 0 $l bknf  $o - $p $0.00 $q - $r - $s - $t 40 $u 0 $v 0 $w 0 $x 0 $y .i11432664 $z 05-16-01 $h 0 $2 0 $3 0 $k   -  -   $4   -  -  
947 00 $a LTI060707
979    $a Pbook
998    $a bk $b 2001-03-23 $c m $d a $e - $f eng $g nyu $h 0 $i 0
999    $a 8 $b 33086002133692 $c 1 $e Status: on shelf $f 20200612 $g 8 $h Suppress: 0 $j 942.07 M877w $r TOT_CHECKOUT: 0

