01298nam a22003491  4500
001 9952170091301401
005 20220810144109.0
008 920116s1966    njuce    b    001 0 eng  
010    $a 66017706
035    $a 162387
035    $a (Mills)RLINCMCG92-B130
035    $a (MillsTIND)113900
040    $d NIC
043    $a e-gx---
050 0  $a DD418.6.Y7 $b P3
082 0  $a 943.060924
092    $a 943.06 $b P972y 1966
100 1  $a Paret, Peter.
245 10 $a Yorck and the era of Prussian reform, 1807-1815, $c by Peter Paret.
260    $a Princeton, N.J., $b Princeton University Press, $c 1966.
300    $a vii, 309 p. $b plans, port. $c 25 cm.
504    $a "Bibliography": p. 277-302.
600 10 $a Yorck von Wartenburg, Hans David Ludwig, $c Graf, $d 1759-1830.
651  0 $a Prussia (Germany) $x History, Military.
907    $a .b11248683 $b 2007-10-30 $c 2001-05-16
909 CO $o oai:mills.tind.io:113900 $p GLOBAL_SET
913    $a BIB
945    $b   -  -   $e   -  -   $f 0 $g 1 $i 33086001872316 $j 0 $l bknf  $o - $p $0.00 $q - $r - $s - $t 40 $u 0 $v 0 $w 0 $x 0 $y .i11533146 $z 05-16-01 $h 0 $2 0 $3 0 $k   -  -   $4   -  -  
947 00 $a LTI060707
979    $a Pbook
998    $a bk $b 2001-03-23 $c m $d a $e - $f eng $g nju $h 0 $i 0
999    $a 8 $b 33086001872316 $c 1 $e Status: on shelf $f 20200612 $g 8 $h Suppress: 0 $j 943.06 P972y 1966 $r TOT_CHECKOUT: 0

