01296nam a2200361   4500
001 9952170535801401
005 20220810144846.0
008 920311s1969    maua     b    001 0 eng  
010    $a 69013267
035    $a 164039
035    $a (Mills)RLINCMCG92-B874
035    $a (MillsTIND)117377
040    $d COMC
050 0  $a BL304 $b .D43
082    $a 200.4
092    $a 200.1 $b D441h 1969
100 1  $a De Santillana, Giorgio, $d 1902-
245 10 $a Hamlet's mill; $b an essay on myth and the frame of time $c [by] Giorgio de Santillana and Hertha von Dechend.
260    $a Boston, $b Gambit, $c 1969.
300    $a xxiii, 505 p. $b illus. $c 24 cm.
500    $a Includes index.
504    $a Bibliography: p. [453]-484.
650  0 $a Myth.
650  0 $a Knowledge, Theory of.
700 1  $a Dechend, Hertha von, $d 1915-
907    $a .b11286167 $b 2007-10-29 $c 2001-05-17
909 CO $o oai:mills.tind.io:117377 $p GLOBAL_SET
913    $a BIB
945    $b   -  -   $e   -  -   $f 0 $g 1 $i 33086001897073 $j 0 $l bknf  $o - $p $0.00 $q - $r - $s - $t 40 $u 0 $v 0 $w 0 $x 0 $y .i11579535 $z 05-17-01 $h 0 $2 0 $3 0 $k   -  -   $4   -  -  
947 00 $a LTI060707
979    $a Pbook
998    $a bk $b 2001-03-23 $c m $d a $e - $f eng $g mau $h 0 $i 0
999    $a 8 $b 33086001897073 $c 1 $e Status: on shelf $f 20200612 $g 8 $h Suppress: 0 $j 200.1 D441h 1969 $r TOT_CHECKOUT: 0

