01428nam a2200385   4500
001 9952170903301401
005 20220810145012.0
008 890516m19721985ctu      b    001 0 eng  
010    $a 72075211//r862
020    $a 0300015356 (v. 1 : alk. paper) : $c $12.50
020    $a 0300033699 (v. 2 : alk. paper)
035    $a 42655
035    $a (Mills)RLINCMCG89-B1893
035    $a (MillsTIND)122469
040    $a #dNN
050 0  $a BT28 $b .W394
082    $a 209/.034
092    $a 209 $b W439p
100 1  $a Welch, Claude.
245 10 $a Protestant thought in the nineteenth century.
260    $a New Haven, $b Yale University Press, $c 1972-c1985.
300    $a 2 v. $c 25 cm.
504    $a Includes bibliographical references and index.
505 1  $a v. 1. 1799-1870.--v. 2. 1870-1914.
590    $a Library has: v.1 only
650  0 $a Theology, Doctrinal $x History $y 19th century.
650  0 $a Protestant churches $x Doctrines $x History $y 19th century.
907    $a .b11340496 $b 2007-10-29 $c 2001-05-17
909 CO $o oai:mills.tind.io:122469 $p GLOBAL_SET
913    $a BIB
945    $b   -  -   $e   -  -   $f 0 $g 1 $i 33086000527721 $j 0 $l bknf  $o - $p $0.00 $q - $r - $s - $t 40 $u 0 $v 0 $w 0 $x 0 $y .i11641708 $z 05-17-01 $h 0 $2 0 $3 0 $k   -  -   $4   -  -  
947 00 $a LTI060707
979    $a Pbook
998    $a bk $b 2001-03-23 $c m $d a $e - $f eng $g ctu $h 0 $i 0
999    $a 8 $b 33086000527721 $c 1 $e Status: on shelf $f 20200612 $g 8 $h Suppress: 0 $j 209 W439p $r TOT_CHECKOUT: 0

