01529cam a2200385 i 4500
001 9952171069701401
005 20220810145854.0
008 790126r1977    njub     b    001 0 eng  
010    $a 76053900
020    $a 0838620752 : $c $22.50
035    $a 43998
035    $a (Mills)RLINCMCG9477217-B
035    $a (MillsTIND)125632
043    $a e-uk-en
050 0  $a DA670.K3 $b C494 1977
082    $a 942.2/3/05
092    $a 942.2305 $b C594e
100 1  $a Clark, Peter.
245 10 $a English provincial society from the Reformation to the Revolution : $b religion, politics, and society in Kent, 1500-1640 / $c Peter Clark.
250    $a 1st American ed.
260    $a Rutherford [N.J.] : $b Fairleigh Dickinson University Press, $c c1977.
300    $a xiii, 504 p. : $b maps ; $c 25 cm.
504    $a Includes bibliographical references and index.
600 10 $a Clark, Peter.
650  0 $a Reformation $z England $z Kent.
651  0 $a Kent (England) $x Politics and government.
651  0 $a Kent (England) $x Church history.
907    $a .b11374287 $b 2007-10-11 $c 2001-05-17
909 CO $o oai:mills.tind.io:125632 $p GLOBAL_SET
913    $a BIB
945    $a 942.2305 C594e $b   -  -   $e   -  -   $f 0 $g 1 $i 33086000541151 $j 0 $l bknf  $o - $p $0.00 $q - $r - $s - $t 40 $u 0 $v 0 $w 0 $x 0 $y .i11682292 $z 05-17-01 $h 0 $2 0 $3 0 $k   -  -   $4   -  -  
947 00 $a LTI060707
979    $a Pbook
998    $a bk $b 2001-03-23 $c m $d a $e - $f eng $g nju $h 0 $i 0
999    $a 8 $b 33086000541151 $c 1 $e Status: on shelf $f 20200612 $g 8 $h Suppress: 0 $i 942.2305 C594e $j 942.2305 C594e $r TOT_CHECKOUT: 0

