01263nam a2200313 i 4500
001 9952171543501401
005 20220810150004.0
008 860610s1911    enkh     b    001 0 eng d
035    $a 29491
035    $a (Mills)RLINCMCG86-B2808
035    $a (MillsTIND)87505
040    $d COMC
092    $a 427 $b S627e
100 1  $a Skeat, Walter W. $q (Walter William), $d 1835-1912.
245 10 $a English dialects from the eighth century to the present day / $c by ... Walter W. Skeat.
260    $a Cambridge, Eng. : $b University Press, $c 1911.
300    $a ix, 139 p. : $b facsim. ; $c 17 cm.
490 1  $a The Cambridge manuals of science and literature.
500    $a Includes index.
504    $a Bibliograhy: p. [133]-135.
650  0 $a English language $x Dialects.
830  0 $a Cambridge manuals of science and literature.
907    $a .b10966080 $b 2007-10-29 $c 2001-05-16
909 CO $o oai:mills.tind.io:87505 $p GLOBAL_SET
913    $a BIB
945    $b   -  -   $e   -  -   $f 0 $g 1 $i 33086000395236 $j 0 $l bknf  $o - $p $0.00 $q - $r - $s - $t 40 $u 0 $v 0 $w 0 $x 0 $y .i11178000 $z 05-16-01 $h 0 $2 0 $3 0 $k   -  -   $4   -  -  
979    $a Pbook
998    $a bk $b 2001-03-23 $c m $d a $e - $f eng $g enk $h 0 $i 1
999    $a 8 $b 33086000395236 $c 1 $e Status: on shelf $f 20200612 $g 8 $h Suppress: 0 $j 427 S627e $r TOT_CHECKOUT: 0

