01068nam a2200289   4500
001 9952171702401401
005 20220810150026.0
008 860620s1942    onc      b    000 0 eng  
010    $a 42004794
035    $a 29700
035    $a (Mills)RLINCMCG86-B3019
035    $a (MillsTIND)88128
040    $d IaU
092    $a 420 $b M319i
100 1  $a Marckwardt, Albert Henry, $d 1903-1975.
245 10 $a Introduction to the English language.
260    $a Toronto, $a New York, $b Oxford Univ. Press, $c 1942.
300    $a xvii, 347 p. $b diagrs. $c 21 cm.
504    $a "Listed references": p. 334-336.
650  0 $a English language.
907    $a .b1097281x $b 2007-10-29 $c 2001-05-16
909 CO $o oai:mills.tind.io:88128 $p GLOBAL_SET
913    $a BIB
945    $b   -  -   $e   -  -   $f 0 $g 1 $i 33086000397323 $j 0 $l bknf  $o - $p $0.00 $q - $r - $s - $t 40 $u 0 $v 0 $w 0 $x 0 $y .i11185430 $z 05-16-01 $h 0 $2 0 $3 0 $k   -  -   $4   -  -  
979    $a Pbook
998    $a bk $b 2001-03-23 $c m $d a $e - $f eng $g onc $h 0 $i 1
999    $a 8 $b 33086000397323 $c 1 $e Status: on shelf $f 20200612 $g 8 $h Suppress: 0 $j 420 M319i $r TOT_CHECKOUT: 0

