01414nam a2200349 a 4500
001 9952171857701401
005 20220810150906.0
008 860827s1960    it fh    b    001 0 eng  
010    $a 61005708
035    $a 30382
035    $a (Mills)RLINCMCG86-B3704
035    $a (MillsTIND)90167
040    $a UPB $c UPB $d NNMM $d COMC
043    $a e-it---
092    $a 470.17 $b U41o
100 1  $a Ullman, B. L. $q (Bertold Louis), $d 1882-1965.
245 14 $a The origin and development of humanistic script / $c B.L. Ullman.
246 3  $a Humanistic script
260    $a Roma : $b Edizioni di storia e letteratura, $c 1960.
300    $a 146 p., [42] p. of plates : $b facsims. ; $c 25 cm.
490 1  $a Storia e letteratura ; 79
504    $a Includes bibliographical references and indexes.
650  0 $a Paleography, Italian.
650  0 $a Manuscripts, Latin (Medieval and modern) $z Italy $z Florence.
830  0 $a Storia e letteratura (Edizioni di storia e letteratura) ; $v 79.
907    $a .b10994944 $b 2007-10-29 $c 2001-05-16
909 CO $o oai:mills.tind.io:90167 $p GLOBAL_SET
913    $a BIB
945    $b   -  -   $e   -  -   $f 0 $g 1 $i 33086000404145 $j 0 $l bknf  $o - $p $0.00 $q - $r - $s - $t 40 $u 0 $v 0 $w 0 $x 0 $y .i11210394 $z 05-16-01 $h 0 $2 0 $3 0 $k   -  -   $4   -  -  
979    $a Pbook
998    $a bk $b 2001-03-23 $c m $d a $e - $f eng $g it  $h 4 $i 1
999    $a 8 $b 33086000404145 $c 1 $e Status: on shelf $f 20200612 $g 8 $h Suppress: 0 $j 470.17 U41o $r TOT_CHECKOUT: 0

