02627cam  2200445I  4500
001 9952171927701401
005 20220810150924.0
008 750205s1894    nyu           000 0 eng  
010    $a    04013137 
019    $a 753233609
029 1  $a AU@ $b 000012426238
035    $a (OCoLC)1161641 $z (OCoLC)753233609
035    $a (Mills)ocm01161641
035    $a (MillsTIND)89415
040    $a DLC $b eng $c ISM $d SER $d OCLCG $d MNJ $d OCLCQ $d CWS $d OCLCF $d OCLCQ $d OCL $d OCLCO $d OCL $d OCLCQ $d OCL $d MIQ
041 0  $a eng $a ang
049    $a MIQA
050 00 $a PE137 $b .B7 1894
082 04 $a 429
092    $a 429.86 $b B855a 1894
100 1  $a Bright, James Wilson, $d 1852-1926.
245 13 $a An Anglo-Saxon reader; $c ed., with notes, a complete glossary, a chapter on versification and an outline of Anglo-Saxon grammar, by James W. Bright ...
250    $a 3d ed., rev. and augm.
260    $a New York, $b H. Holt and Company, $c 1894.
300    $a lxxix, 385 pages $c 19 cm
336    $a text $b txt $2 rdacontent
337    $a unmediated $b n $2 rdamedia
338    $a volume $b nc $2 rdacarrier
500    $a Contents: From the gospels: St. Mark, chapter IV -- Orpheus and Eurydice -- Account of the poet Caedmon -- Cynewulf and Cyneheard -- Wars of Alfred the Great -- Alfred's preface to the Pastoral Care -- From the Pastoral Care -- The voyages of Ohthere and Wulfstan -- It is better to suffer an injury than to inflict one -- Providence and fate -- The nature of God -- The conversion of Edwin -- A blickling homily -- Aelfric's homily on the Assumption of St. John the Apostle -- Aelfric's homily on St. Gregory the Great -- Aelfric's life of King Oswald -- Aelfric's preface to Genesis -- The legend of St. Andrew -- The harrowing of hell -- Caedmon's Genesis: the offering of Isaac -- The battle of Brunanburh -- The battle of Maldon -- The wanderer -- The phoenix.
648  7 $a 450 - 1100 $2 fast
650  0 $a English language $y Old English, ca. 450-1100 $v Readers.
650  7 $a English language $x Old English. $2 fast $0 (OCoLC)fst01710958
655  7 $a Readers. $2 fast $0 (OCoLC)fst01423896
776 08 $i Online version: $a Bright, James Wilson, 1852-1926. $t Anglo-Saxon reader. $b 3d ed., rev. and augm. $d New York, H. Holt and Company, 1894 $w (OCoLC)590470364
776 08 $i Online version: $a Bright, James Wilson, 1852-1926. $t Anglo-Saxon reader. $b 3d ed., rev. and augm. $d New York, H. Holt and Company, 1894 $w (OCoLC)607872850
909 CO $o oai:mills.tind.io:89415 $p GLOBAL_SET
913    $a BIB
979    $a Pbook
994    $a C0 $b MIQ
999    $a 8 $b 33086000401703 $c 1 $e Status: on shelf $f 20200612 $g 8 $h Suppress: 0 $j 429.86 B855a 1894 $r TOT_CHECKOUT: 0

