01251nam a2200325 i 4500
001 9952172443301401
005 20220810151907.0
008 870226s1969    nyuabfh  b    001 0 eng d
020    $a 0393003671 : $c $3.34
035    $a 32034
035    $a (Mills)RLINCMCG87-B512
035    $a (MillsTIND)94878
040    $a CSt $c CSt $d COMC
043    $a e-uk---
092    $a 942.08 $b B366f
100 1  $a Beales, Derek Edward Dawson.
245 10 $a From Castlereagh to Gladstone, 1815-1885 / $c Derek Beales.
260    $a New York : $b W. W. Norton, $c 1969.
300    $a 328 p., [8] leaves of plates : $b ill., facsims., maps ; $c 20 cm.
440  0 $a Norton library history of England ; $v N367
500    $a Includes index.
504    $a Bibliography: p. 302-308.
651  0 $a Great Britain $x History $y 19th century.
907    $a .b11044998 $b 2007-10-30 $c 2001-05-16
909 CO $o oai:mills.tind.io:94878 $p GLOBAL_SET
913    $a BIB
945    $b   -  -   $e   -  -   $f 0 $g 1 $i 33086000420661 $j 0 $l bknf  $o - $p $0.00 $q - $r - $s - $t 40 $u 0 $v 0 $w 0 $x 0 $y .i11267951 $z 05-16-01 $h 0 $2 0 $3 0 $k   -  -   $4   -  -  
979    $a Pbook
998    $a bk $b 2001-03-23 $c m $d a $e - $f eng $g nyu $h 0 $i 1
999    $a 8 $b 33086000420661 $c 1 $e Status: on shelf $f 20200612 $g 8 $h Suppress: 0 $j 942.08 B366f $r TOT_CHECKOUT: 0

