01431nam a22003131  4500
001 9952173116301401
005 20220810141316.0
008 890906s1919    nyu           000 0 eng d
035    $a 96769
035    $a (Mills)RLINCMCG89-B4544
035    $a (MillsTIND)102758
040    $a MiU $d MiU $d COMC
092    $a 943.08 $b D272g
100 1  $a Dawson, William Harbutt, $d 1860-1948.
245 14 $a The German empire, 1867-1914, and the unity movement, $c by William Harbutt Dawson.
260    $a New York, $b The Macmillan co., $c 1919.
300    $a 2 v. $c 23 cm.
651  0 $a Germany $x Politics and government $y 1866-1871.
651  0 $a Germany $x Politics and government $y 1871-1918.
907    $a .b11130891 $b 2007-10-30 $c 2001-05-16
909 CO $o oai:mills.tind.io:102758 $p GLOBAL_SET
913    $a BIB
945    $b   -  -   $c v. 1 $e   -  -   $f 0 $g 1 $i 33086002119758 $j 0 $l bknf  $o - $p $0.00 $q - $r - $s - $t 40 $u 0 $v 0 $w 0 $x 0 $y .i11369279 $z 05-16-01 $h 0 $2 0 $3 0 $k   -  -   $4   -  -  
945    $b   -  -   $c v. 2 $e   -  -   $f 0 $g 1 $i 33086001695121 $j 0 $l bknf  $o - $p $0.00 $q - $r - $s - $t 40 $u 0 $v 0 $w 0 $x 0 $y .i11369280 $z 05-16-01 $h 0 $2 0 $3 0 $k   -  -   $4   -  -  
947 00 $a LTI060707
979    $a Pbook
998    $a bk $b 2001-03-23 $c m $d a $e - $f eng $g nyu $h 4 $i 0
999    $a 8 $b 33086002119758 $c 1 $d v. 1 $e Status: on shelf $f 20200612 $g 8 $h Suppress: 0 $j 943.08 D272g $r TOT_CHECKOUT: 0
999    $a 8 $b 33086001695121 $c 1 $d v. 2 $e Status: on shelf $f 20200612 $g 8 $h Suppress: 0 $j 943.08 D272g $r TOT_CHECKOUT: 0

