01691nam a2200373I  4500
001 9952174254601401
005 20220810164604.0
008 770527s1939    enkba    b    001 0 eng u
010    $a a  40003123
035    $a 113262
035    $a (Mills)ocm02999213 
035    $a (MillsTIND)139618
040    $c KLG $d m/c $d MIQ
049    $a MIQA
050 0  $a DA715 $b .L5 1939
092    $a 942.9 $b L793h3
100 1  $a Lloyd, John Edward, $c Sir, $d 1861-1947.
245 12 $a A history of Wales from the earliest times to the Edwardian conquest, $c by Sir John Edward Lloyd.
260    $a London, $a New York [etc.] $b Longmans, Green and co. $c [1939]
300    $a 2 v. $b fold. map. geneal. tables. $c 23 cm.
500    $a "First published ... 1911; Second edition ... 1912; Third edition ... 1939."
504    $a "Index of authors, works, mss., etc., cited": v. 1, p. xv-xxviii.
651  0 $a Wales $x History $y 1063-1536.
907    $a .b11531058 $b 2007-06-13 $c 2001-05-17
909 CO $o oai:mills.tind.io:139618 $p GLOBAL_SET
910    $a rcp20
913    $a BIB
945    $b   -  -   $c v. 1 $e   -  -   $f 0 $g 1 $i 33086002234359 $j 0 $l bknf  $o - $p $0.00 $q - $r - $s - $t 40 $u 0 $v 0 $w 0 $x 0 $y .i12044313 $z 05-17-01 $h 0 $2 0 $3 0 $k   -  -   $4   -  -  
945    $b   -  -   $c v. 2 $e   -  -   $f 0 $g 1 $i 33086001694413 $j 0 $l bknf  $o - $p $0.00 $q - $r - $s - $t 40 $u 0 $v 0 $w 0 $x 0 $y .i12044325 $z 05-17-01 $h 0 $2 0 $3 0 $k   -  -   $4   -  -  
947 00 $a LTI060707
979    $a Pbook
998    $a bk $b 2001-03-23 $c m $d a $e - $f eng $g enk $h 2 $i 0
999    $a 8 $b 33086002234359 $c 1 $d v. 1 $e Status: on shelf $f 20200612 $g 8 $h Suppress: 0 $j 942.9 L793h3 $r TOT_CHECKOUT: 0
999    $a 8 $b 33086001694413 $c 1 $d v. 2 $e Status: on shelf $f 20200612 $g 8 $h Suppress: 0 $j 942.9 L793h3 $r TOT_CHECKOUT: 0

