01929nam a2200421I  4500
001 9952174266101401
005 20220810164611.0
008 760113s1912    enk           000 0 engm 
010    $a 12030770
035    $a 113287
035    $a (Mills)ocm01925189 
035    $a (MillsTIND)139655
040    $a DLC $c CIN $d CIN $d m.c. $d MIQ
049    $a MIQA
050    $a DD222 $b .G5
092    $a 943 $b G373
245 00 $a Germany in the nineteenth century; $c five lectures by J. H. Rose, C. H. Herford, E. C. K. Gonner, and M. E. Sadler, with an introductory note by Viscount Haldane.
250    $a 2d edition.
260    $a Manchester, $b University press, $c 1912.
300    $a xxi, 142  p. $c 24 cm.
490 1  $a Publications of the University of Manchester, Historical ser. no. XIII
500    $a On verso of t.-p.: University of Manchester publications, no. LXV.
505 0  $a I. The political history, by J. H. Rose.--II-III. The intellectual and literary history, by C. H. Herford.--IV. The  economics history, by E. C. K. Gonner.--V. The history of education, by M. E. Sadler.
651  0 $a Germany.
700 1  $a Rose, J. Holland $q (John Holland), $d 1855-1942.
700 1  $a Herford, C. H. $q (Charles Harold), $d 1853-1931.
700 1  $a Gonner, E. C. K. $q (Edward Carter Kersey), $d 1862-1922.
700 1  $a Sadler, Michael, $c Sir, $d 1861-1943.
830  0 $a Publications of the University of Manchester. $p Historical series ; $v no. 13.
907    $a .b11531460 $b 2007-06-13 $c 2001-05-17
909 CO $o oai:mills.tind.io:139655 $p GLOBAL_SET
910    $a rcp20
913    $a BIB
945    $b   -  -   $e   -  -   $f 0 $g 1 $i 33086002234607 $j 0 $l bknf  $o - $p $0.00 $q - $r - $s - $t 40 $u 0 $v 0 $w 0 $x 0 $y .i12044775 $z 05-17-01 $h 0 $2 0 $3 0 $k   -  -   $4   -  -  
947 00 $a LTI060707
979    $a Pbook
998    $a bk $b 2001-03-23 $c m $d a $e - $f eng $g enk $h 0 $i 0
999    $a 8 $b 33086002234607 $c 1 $e Status: on shelf $f 20200612 $g 8 $h Suppress: 0 $j 943 G373 $r TOT_CHECKOUT: 0

