01368nam a2200361I  4500
001 9952174357501401
005 20220810164843.0
008 750829s1944||||xx            000 0 eng  
010    $a 44003735
035    $a 113796
035    $a (Mills)ocm01581957 
035    $a (MillsTIND)140539
040    $a DLC $c DZM $d MIQ
049    $a MIQA
050 0  $a DD235 $b .C7
082    $a 942.085
092    $a 943.085 $b C931g
100 1  $a Crippen, Harlan R.
245 10 $a Germany: a self-portrait; $b a collection of German writings from 1914 to 1943, $c edited, with an introduction and chronicle, by Harlan R. Crippen.
260    $a London, $a New York [etc.] $b Oxford university press $c [1944]
300    $a xvi, 477 p. $c 22 cm.
504    $a Bibliography: p. [465]-477.
650  0 $a National characteristics, German.
651  0 $a Germany $x Politics and government $y 20th century.
907    $a .b11541507 $b 2007-06-13 $c 2001-05-17
909 CO $o oai:mills.tind.io:140539 $p GLOBAL_SET
910    $a rcp20
913    $a BIB
945    $b   -  -   $e   -  -   $f 0 $g 1 $i 33086002239960 $j 0 $l bknf  $o - $p $0.00 $q - $r - $s - $t 40 $u 0 $v 0 $w 0 $x 0 $y .i12057514 $z 05-17-01 $h 0 $2 0 $3 0 $k   -  -   $4   -  -  
947 00 $a LTI060707
979    $a Pbook
998    $a bk $b 2001-03-23 $c m $d a $e - $f eng $g xx  $h 0 $i 0
999    $a 8 $b 33086002239960 $c 1 $e Status: on shelf $f 20200612 $g 8 $h Suppress: 0 $j 943.085 C931g $r TOT_CHECKOUT: 0

