01201cam a2200349I  4500
001 9952174367201401
005 20220810164852.0
008 750905s1942    nyu           000 0 eng  
010    $a 42020391
035    $a 113995
035    $a (Mills)ocm01601473 
035    $a (MillsTIND)140909
040    $a DLC $c DZM $d OCL $d MIQ
049    $a MIQA
050 0  $a DD253 $b .R352
082    $a 948.085
092    $a 943.085 $b R248m
100 1  $a Rauschning, Hermann, $d 1887-1982.
245 10 $a Men of chaos, $c by Hermann Rauschning.
260    $a New York, $b G.P. Putnam's sons $c [1942]
300    $a xiv, 341 p. $c 22 cm.
650  0 $a National socialism.
651  0 $a Germany $x Politics and government $y 1933-1945.
907    $a .b11546062 $b 2007-06-13 $c 2001-05-17
909 CO $o oai:mills.tind.io:140909 $p GLOBAL_SET
910    $a rcp20
913    $a BIB
945    $b   -  -   $e   -  -   $f 0 $g 1 $i 33086002242097 $j 0 $l bknf  $o - $p $0.00 $q - $r - $s - $t 40 $u 0 $v 0 $w 0 $x 0 $y .i12063897 $z 05-17-01 $h 0 $2 0 $3 0 $k   -  -   $4   -  -  
947 00 $a LTI060707
979    $a Pbook
998    $a bk $b 2001-03-23 $c m $d a $e - $f eng $g nyu $h 0 $i 0
999    $a 8 $b 33086002242097 $c 1 $e Status: on shelf $f 20200612 $g 8 $h Suppress: 0 $j 943.085 R248m $r TOT_CHECKOUT: 0

