01344cam a2200385   4500
001 9952174369601401
005 20220810164852.0
008 720320s1971    njua     b    001 0 engm 
010    $a 72177235 //r86
020    $a 0874710677
035    $a 113973
035    $a (Mills)ocm00281550 
035    $a (MillsTIND)140880
040    $a DLC $c DLC $d m.c. $d MIQ
043    $a e-gx---
049    $a MIQA
050 0  $a DD237 $b .M24 1971b
082    $a 943.085
092    $a 943.085 $b M156w
100 1  $a McKenzie, John R. P. $q (John Richard Philip), $d 1940-
245 10 $a Weimar Germany, 1918-1933 $c [by] John R. P. McKenzie.
260    $a Totowa, N.J., $b Rowman and Littlefield $c [1971]
300    $a ix, 269 p. $b illus. $c 22 cm.
440  0 $a Blandford history series
504    $a Bibliography: p. 261-263.
651  0 $a Germany $x History $y 1918-1933.
907    $a .b11545641 $b 2007-06-13 $c 2001-05-17
909 CO $o oai:mills.tind.io:140880 $p GLOBAL_SET
910    $a rcp20
913    $a BIB
945    $b   -  -   $e   -  -   $f 0 $g 1 $i 33086002241867 $j 0 $l bknf  $o - $p $0.00 $q - $r - $s - $t 40 $u 0 $v 0 $w 0 $x 0 $y .i12062765 $z 05-17-01 $h 0 $2 0 $3 0 $k   -  -   $4   -  -  
947 00 $a LTI060707
979    $a Pbook
998    $a bk $b 2001-03-23 $c m $d a $e - $f eng $g nju $h 0 $i 0
999    $a 8 $b 33086002241867 $c 1 $e Status: on shelf $f 20200612 $g 8 $h Suppress: 0 $j 943.085 M156w $r TOT_CHECKOUT: 0

