01340nam a2200385I  4500
001 9952174433701401
005 20220810164852.0
008 770203s1955    enk           000 0 eng  
010    $a 55004280
035    $a 113642
035    $a (Mills)ocm02719264 
035    $a (MillsTIND)140227
040    $a DLC $c TJC $d m.c. $d MIQ
049    $a MIQA
050 0  $a DD221 $b .C7
082    $a 943.08
092    $a 943.08 $b C886p
100 1  $a Craig, Gordon Alexander, $d 1913-
245 14 $a The politics of the Prussian Army 1640-1945.
260    $a Oxford, $b Clarendon Press, $c 1955.
300    $a xx, 536 p. $c 23 cm.
504    $a Bibliography: p. [505]-521.
610 10 $a Prussia (Kingdom). $b Armee.
610 10 $a Germany. $b Heer.
651  0 $a Germany $x Politics and government $y 1871-1918.
651  0 $a Prussia (Germany) $x Politics and government.
907    $a .b11538028 $b 2007-06-13 $c 2001-05-17
909 CO $o oai:mills.tind.io:140227 $p GLOBAL_SET
910    $a rcp20
913    $a BIB
945    $b   -  -   $e   -  -   $f 0 $g 1 $i 33086002238350 $j 0 $l bknf  $o - $p $0.00 $q - $r - $s - $t 40 $u 0 $v 0 $w 0 $x 0 $y .i12053624 $z 05-17-01 $h 0 $2 0 $3 0 $k   -  -   $4   -  -  
947 00 $a LTI060707
979    $a Pbook
998    $a bk $b 2001-03-23 $c m $d a $e - $f eng $g enk $h 4 $i 0
999    $a 8 $b 33086002238350 $c 1 $e Status: on shelf $f 20200612 $g 8 $h Suppress: 0 $j 943.08 C886p $r TOT_CHECKOUT: 0

