01399cam a2200373I  4500
001 9952174494801401
005 20220810164908.0
008 720912s1963    nbu      b    000 0 eng  
010    $a 63015846
035    $a 113852
035    $a (Mills)ocm00404787 
035    $a (MillsTIND)140643
040    $a DLC $c WSU $d OCL $d m.c. $d MIQ
049    $a MIQA
050    $a DD249 $b .H43
082    $a 943.085
092    $a 943.085 $b H576d
100 1  $a Hertzman, Lewis, $d 1927-
245 10 $a DNVP:  right-wing opposition in the Weimar Republic, 1918-1924.
260    $a Lincoln, $b University of Nebraska Press, $c 1963.
300    $a vi, 263 p. $c 22 cm.
500    $a Based on the author's thesis, Harvard University.
504    $a "Bibliographical note" and "Select list of authors and titles": p. 240-255.
610 20 $a Deutschnationale Volkspartei.
651  0 $a Germany $x Politics and government $y 1918-1933.
907    $a .b11542809 $b 2007-06-13 $c 2001-05-17
909 CO $o oai:mills.tind.io:140643 $p GLOBAL_SET
910    $a rcp20
913    $a BIB
945    $b   -  -   $e   -  -   $f 0 $g 1 $i 33086002240554 $j 0 $l bknf  $o - $p $0.00 $q - $r - $s - $t 40 $u 0 $v 0 $w 0 $x 0 $y .i12058920 $z 05-17-01 $h 0 $2 0 $3 0 $k   -  -   $4   -  -  
947 00 $a LTI060707
979    $a Pbook
998    $a bk $b 2001-03-23 $c m $d a $e - $f eng $g nbu $h 0 $i 0
999    $a 8 $b 33086002240554 $c 1 $e Status: on shelf $f 20200612 $g 8 $h Suppress: 0 $j 943.085 H576d $r TOT_CHECKOUT: 0

