01393cam a22003731  4500
001 9952174516001401
005 20220810164906.0
008 731212s1967    nju      b    000 0beng  
010    $a 66021830
035    $a 113724
035    $a (Mills)ocm00900428 
035    $a (MillsTIND)140390
040    $a DLC $c DLC $d m/c $d OCL $d MIQ
049    $a MIQA
050 0  $a DD231.B3 $b C4
082    $a 943.08/4/0924 $a B
092    $a 943.084 $b C388a
100 1  $a Cecil, Lamar.
245 10 $a Albert Ballin; business and politics in imperial Germany, 1888-1918.
260    $a Princeton, N.J., $b Princeton University Press, $c 1967.
300    $a xxi, 388 p. $b front. $c 22 cm.
500    $a Based on the author's thesis, Johns Hopkins University.
504    $a "Bibliographical essay": p. 357-369.
600 10 $a Ballin, Albert, $d 1857-1918.
610 20 $a Hamburg-Amerikanische Packetfahrt-Actien-Gesellschaft.
907    $a .b11539859 $b 2007-06-13 $c 2001-05-17
909 CO $o oai:mills.tind.io:140390 $p GLOBAL_SET
910    $a rcp20
913    $a BIB
945    $b   -  -   $e   -  -   $f 0 $g 1 $i 33086002239242 $j 0 $l bknf  $o - $p $0.00 $q - $r - $s - $t 40 $u 0 $v 0 $w 0 $x 0 $y .i12055554 $z 05-17-01 $h 0 $2 0 $3 0 $k   -  -   $4   -  -  
947 00 $a LTI060707
979    $a Pbook
998    $a bk $b 2001-03-23 $c m $d a $e - $f eng $g nju $h 0 $i 0
999    $a 8 $b 33086002239242 $c 1 $e Status: on shelf $f 20200612 $g 8 $h Suppress: 0 $j 943.084 C388a $r TOT_CHECKOUT: 0

