01996cam a2200397I  4500
001 9952174647301401
005 20220810164941.0
008 731102s1937    nyu           000 0 eng  
010    $a 37014255
035    $a 113958
035    $a (Mills)ocm00734378 
035    $a (MillsTIND)140846
040    $a DLC $c TFW $d m.c. $d OCL $d TXQ $d OCL $d MIQ
041 1  $a eng $h fre
049    $a MIQA
050 0  $a DD253 $b .L52
092    $a 943.085 $b L699t
100 1  $a Lichtenberger, Henri, $d 1864-1941.
245 14 $a The Third Reich, $c by Henri Lichtenberger; translated from the French and edited by Koppel S. Pinson; with a preface by Nicholas Murray Butler.
260    $a New York, $b Greystone Press, $c 1937.
300    $a xi, 392 p. $c 24 cm.
500    $a "The French edition ... appeared in the spring of 1936 under the title L'Allemagne nouvelle ... The present English version, however, is more than a translation of the French text. Professor Lichtenberger has supplied several additional sections ... The editor has also revised the text and added numerous notes ... Completely new ... is the collection of documents contained in the appendix as well as the bibliography. Both are the work of the editor." - Editor's pref.
600 10 $a Hitler, Adolf, $d 1889-1945.
610 20 $a Nationalsozialistische Deutsche Arbeiter-Partei.
651  0 $a Germany $x Politics and government $y 1933-1945.
651  0 $a Germany $x Foreign relations $y 1933-1945.
700 1  $a Pinson, Koppel S. $q (Koppel Shub), $d 1904-1961.
907    $a .b11545264 $b 2007-06-13 $c 2001-05-17
909 CO $o oai:mills.tind.io:140846 $p GLOBAL_SET
910    $a rcp20
913    $a BIB
945    $b   -  -   $e   -  -   $f 0 $g 1 $i 33086002241719 $j 0 $l bknf  $o - $p $0.00 $q - $r - $s - $t 40 $u 0 $v 0 $w 0 $x 0 $y .i12062327 $z 05-17-01 $h 0 $2 0 $3 0 $k   -  -   $4   -  -  
947 00 $a LTI060707
979    $a Pbook
998    $a bk $b 2001-03-23 $c m $d a $e - $f eng $g nyu $h 4 $i 0
999    $a 8 $b 33086002241719 $c 1 $e Status: on shelf $f 20200612 $g 8 $h Suppress: 0 $j 943.085 L699t $r TOT_CHECKOUT: 0

