01191nam a2200349I  4500
001 9952174658301401
005 20220810164940.0
008 751113s1949    inu           000 0 eng  
010    $a 49010761
035    $a 114082
035    $a (Mills)ocm01831158 
035    $a (MillsTIND)141089
040    $a DLC $c FBA $d MIQ
049    $a MIQA
050 0  $a DD257.4 $b .C58
082    $a 943.086
092    $a 943.086 $b C592a
100 1  $a Clark, Delbert, $d d. 1953.
245 10 $a Again the goose step; $b the lost fruits of victory.
250    $a [1st ed.]
260    $a Indianapolis, $b Bobbs-Merrill Co. $c [1949]
300    $a 297 p. $c 23 cm.
651  0 $a Germany $x Politics and government $y 1945-1990.
907    $a .b11548125 $b 2007-06-13 $c 2001-05-17
909 CO $o oai:mills.tind.io:141089 $p GLOBAL_SET
910    $a rcp20
913    $a BIB
945    $b   -  -   $e   -  -   $f 0 $g 1 $i 33086002243079 $j 0 $l bknf  $o - $p $0.00 $q - $r - $s - $t 40 $u 0 $v 0 $w 0 $x 0 $y .i12066588 $z 05-17-01 $h 0 $2 0 $3 0 $k   -  -   $4   -  -  
947 00 $a LTI060707
979    $a Pbook
998    $a bk $b 2001-03-23 $c m $d a $e - $f eng $g inu $h 0 $i 0
999    $a 8 $b 33086002243079 $c 1 $e Status: on shelf $f 20200612 $g 8 $h Suppress: 0 $j 943.086 C592a $r TOT_CHECKOUT: 0

