01458cam a2200397I  4500
001 9952174661001401
005 20220810164941.0
008 771031s1953    enkac         001 0 engm 
010    $a 53004247
035    $a 114068
035    $a (Mills)ocm03381627 
035    $a (MillsTIND)141054
040    $a DLC $c IAR $d IAR $d m.c. $d OCL $d MIQ
043    $a e-gw---
049    $a MIQA
050    $a DD240 $b .W5
082    $a 943.085
092    $a 943.085 $b W564n
100 1  $a Wheeler-Bennett, John Wheeler, $c Sir, $d 1902-1975.
245 14 $a The nemesis of power; $b the German Army in politics, 1918-1945.
260    $a London, $b Macmillan; $a New York, $b St. Martin's Press, $c 1953.
300    $a xvi, 829 p. $b illus., ports. $c 23 cm.
504    $a Bibliography: p. 767-782.
610 10 $a Germany. $b Heer.
650  0 $a World War, 1939-1945 $z Germany.
651  0 $a Germany $x Politics and government $y 1918-1933.
651  0 $a Germany $x Politics and government $y 1933-1945.
907    $a .b11547741 $b 2007-06-13 $c 2001-05-17
909 CO $o oai:mills.tind.io:141054 $p GLOBAL_SET
910    $a rcp20
913    $a BIB
945    $b   -  -   $e   -  -   $f 0 $g 1 $i 33086002242931 $j 0 $l bknf  $o - $p $0.00 $q - $r - $s - $t 40 $u 0 $v 0 $w 0 $x 0 $y .i12066205 $z 05-17-01 $h 0 $2 0 $3 0 $k   -  -   $4   -  -  
947 00 $a LTI060707
979    $a Pbook
998    $a bk $b 2001-03-23 $c m $d a $e - $f eng $g enk $h 4 $i 0
999    $a 8 $b 33086002242931 $c 1 $e Status: on shelf $f 20200612 $g 8 $h Suppress: 0 $j 943.085 W564n $r TOT_CHECKOUT: 0

