01278cam a2200361I  4500
001 9952174677601401
005 20220810164949.0
008 720905s1959    enkaj    b    000 0 eng  
010    $a 59016710
035    $a 115180
035    $a (Mills)ocm00398679 
035    $a (MillsTIND)143405
040    $a DLC $c WSU $d OCL $d ALT $d MIQ
049    $a MIQA
050 0  $a DA230 $b .M25
092    $a 942.037 $b M1585f
100 1  $a McKisack, May.
245 14 $a The fourteenth century, 1307-1399.
260    $a Oxford, $b Clarendon Press, $c 1959.
300    $a xix, 598 p. $b maps, geneal. tables $c 23 cm.
490 1  $a The Oxford history of England, $v 5
504    $a Bibliography: p. [533]-566.
651  0 $a Great Britain $x History $y 14th century.
830  0 $a Oxford history of England ; $v 5.
907    $a .b11574021 $b 2007-06-13 $c 2001-05-17
909 CO $o oai:mills.tind.io:143405 $p GLOBAL_SET
910    $a rcp21
913    $a BIB
945    $b   -  -   $e   -  -   $f 0 $g 1 $i 33086002255255 $j 0 $l bknf  $o - $p $0.00 $q - $r - $s - $t 40 $u 0 $v 0 $w 0 $x 0 $y .i12097524 $z 05-17-01 $h 0 $2 0 $3 0 $k   -  -   $4   -  -  
947 00 $a LTI060707
979    $a Pbook
998    $a bk $b 2001-03-23 $c m $d a $e - $f eng $g enk $h 4 $i 0
999    $a 8 $b 33086002255255 $c 1 $e Status: on shelf $f 20200612 $g 8 $h Suppress: 0 $j 942.037 M1585f $r TOT_CHECKOUT: 0

