01176nam a2200337I  4500
001 9952174677701401
005 20220810164948.0
008 790328s1888    enk           001 0bengm 
010    $a 03016459
035    $a 115267
035    $a (Mills)ocm04793383 
035    $a (MillsTIND)143630
040    $a DLC $c CUS $d m/c $d MIQ
049    $a MIQA
050    $a DA334.W8 $b C9
092    $a 942.052 $b C914c
100 1  $a Creighton, M. $q (Mandell), $d 1843-1901.
245 10 $a Cardinal Wolsey, $c by Mandell Creighton.
260    $a London, $a New York : $b Macmillan, $c c1888.
300    $a vi, 226 p. ; $c 20 cm.
440  0 $a Twelve English statesmen
600 10 $a Wolsey, Thomas, $d 1475?-1530.
907    $a .b11576443 $b 2007-06-13 $c 2001-05-17
909 CO $o oai:mills.tind.io:143630 $p GLOBAL_SET
910    $a rcp21
913    $a BIB
945    $b   -  -   $e   -  -   $f 0 $g 1 $i 33086002256253 $j 0 $l bknf  $o - $p $0.00 $q - $r - $s - $t 40 $u 0 $v 0 $w 0 $x 0 $y .i12100523 $z 05-17-01 $h 0 $2 0 $3 0 $k   -  -   $4   -  -  
947 00 $a LTI060707
979    $a Pbook
998    $a bk $b 2001-03-23 $c m $d a $e - $f eng $g enk $h 0 $i 0
999    $a 8 $b 33086002256253 $c 1 $e Status: on shelf $f 20200612 $g 8 $h Suppress: 0 $j 942.052 C914c $r TOT_CHECKOUT: 0

