01284cam a2200361I  4500
001 9952174715701401
005 20220810164949.0
008 720814|1946||||xx            000 0 eng u
010    $a a  47000153
035    $a 115056
035    $a (Mills)ocm00381275 
035    $a (MillsTIND)143149
040    $c WSU $d OCL $d MIQ
049    $a MIQA
092    $a 942.01 $b L666e
100 1  $a Levison, Wilhelm, $d 1876-1947.
245 10 $a England and the continent in the eighth century.
260    $a Oxford, $b The Clarendon press $c [1946]
300    $a 347 p.
504    $a Bibliographical footnotes.
650  0 $a Church history $y Middle Ages, 600-1500.
650  0 $a Missionaries $z Great Britain.
650  0 $a Civilization, Anglo-Saxon.
651  0 $a Great Britain $x Church history $y 449-1066.
907    $a .b11570945 $b 2007-06-13 $c 2001-05-17
909 CO $o oai:mills.tind.io:143149 $p GLOBAL_SET
910    $a rcp21
913    $a BIB
945    $b   -  -   $e   -  -   $f 0 $g 1 $i 33086002253813 $j 0 $l bknf  $o - $p $0.00 $q - $r - $s - $t 40 $u 0 $v 0 $w 0 $x 0 $y .i12093361 $z 05-17-01 $h 0 $2 0 $3 0 $k   -  -   $4   -  -  
947 00 $a LTI060707
979    $a Pbook
998    $a bk $b 2001-03-23 $c m $d a $e - $f eng $g xx  $h 0 $i 0
999    $a 8 $b 33086002253813 $c 1 $e Status: on shelf $f 20200612 $g 8 $h Suppress: 0 $j 942.01 L666e $r TOT_CHECKOUT: 0

