01247cam a2200349I  4500
001 9952174756801401
005 20220810165003.0
008 750710s1950    nyuac         000 0 engm 
010    $a 50010057
035    $a 116283
035    $a (Mills)ocm01441648 
035    $a (MillsTIND)145667
040    $a DLC $c CIN $d OCL $d MIQ
049    $a MIQA
050 0  $a DA485 $b .W48 1950a
082    $a 942.07
092    $a 942.07 $b W588a
100 1  $a White, T. H. $q (Terence Hanbury), $d 1906-1964.
245 14 $a The age of scandal; $b an excursion through a minor period.
260    $a New York, $b Putnam $c [1950]
300    $a 264 p. $b illus., ports. $c 22 cm.
651  0 $a Great Britain $x History $y 18th century.
651  0 $a Great Britain $x Social life and customs.
907    $a .b11599029 $b 2007-06-13 $c 2001-05-17
909 CO $o oai:mills.tind.io:145667 $p GLOBAL_SET
910    $a rcp12
913    $a BIB
945    $b   -  -   $e   -  -   $f 0 $g 1 $i 33086002267391 $j 0 $l bknf  $o - $p $0.00 $q - $r - $s - $t 40 $u 0 $v 0 $w 0 $x 0 $y .i12130710 $z 05-17-01 $h 0 $2 0 $3 0 $k   -  -   $4   -  -  
947 00 $a LTI060707
979    $a Pbook
998    $a bk $b 2001-03-23 $c m $d a $e - $f eng $g nyu $h 4 $i 0
999    $a 8 $b 33086002267391 $c 1 $e Status: on shelf $f 20200612 $g 8 $h Suppress: 0 $j 942.07 W588a $r TOT_CHECKOUT: 0

