01211cam a2200361I  4500
001 9952174757701401
005 20220810164958.0
008 750514s1956    enka     b    000 0 engm 
010    $a 56014646 /L
035    $a 116277
035    $a (Mills)ocm01332158 
035    $a (MillsTIND)145657
040    $a DLC $c CSU $d m.c. $d SER $d MIQ
043    $a e-uk---
049    $a MIQA
050 0  $a DA480 $b .P55
082    $a 942.07
092    $a 942.07 $b P734f
100 1  $a Plumb, J. H. $q (John Harold), $d 1911-2001.
245 14 $a The first four Georges.
260    $a London, $b Batsford $c [1956]
300    $a 188 p. $b illus. $c 23 cm.
504    $a Bibliography: p. 181-183.
651  0 $a Great Britain $x History $y 1714-1837.
907    $a .b11598906 $b 2007-06-13 $c 2001-05-17
909 CO $o oai:mills.tind.io:145657 $p GLOBAL_SET
910    $a rcp21
913    $a BIB
945    $b   -  -   $e   -  -   $f 0 $g 1 $i 33086002267334 $j 0 $l bknf  $o - $p $0.00 $q - $r - $s - $t 40 $u 0 $v 0 $w 0 $x 0 $y .i1213059x $z 05-17-01 $h 0 $2 0 $3 0 $k   -  -   $4   -  -  
947 00 $a LTI060707
979    $a Pbook
998    $a bk $b 2001-03-23 $c m $d a $e - $f eng $g enk $h 4 $i 0
999    $a 8 $b 33086002267334 $c 1 $e Status: on shelf $f 20200612 $g 8 $h Suppress: 0 $j 942.07 P734f $r TOT_CHECKOUT: 0

