02116cam a2200409I  4500
001 9952174758201401
005 20220810164958.0
008 750407|1930||||xx            000 0 eng u
010    $a 30015837
035    $a 116275
035    $a (Mills)ocm01259711 
035    $a (MillsTIND)145651
040    $c CWR $d m.c. $d OCL $d m/c $d MIQ
049    $a MIQA $v 1-2
050 0  $a DA498 $b .O6
082    $a 942.07
092    $a 942.07 $b O48e
100 1  $a Oliver, Frederick Scott, $d 1864-1934.
245 14 $a The endless adventure, $c by F.S. Oliver.
260    $a London, $b Macmillan, $c 1930-35.
300    $a 3 v. $b fronts., ports. $c 22 cm.
505 0  $a v. 1. An introductory essay on politics and politicians. From the flight of James II. to the accession of George I. (1688-1714) Stanhope and Sunderland (1714-1721) Townshend and Walpole (1721-1727)- v. 2. The accession of George the Second and Queen Caroline (June 1727) Walpole's prestige in Europe (1727-1735) A domestic reverse and recovery (1730-1735)- v. 3. Introduction. The new Parliament (1735) Some characters and excursions. A political testament.
600 10 $a Walpole, Robert, $c Earl of Orford, $d 1676-1745.
650  0 $a Statesmen $z Great Britain.
651  0 $a Great Britain $x Politics and government $y 1714-1727.
651  0 $a Great Britain $x Politics and government $y 1727-1760.
907    $a .b11598840 $b 2007-06-13 $c 2001-05-17
909 CO $o oai:mills.tind.io:145651 $p GLOBAL_SET
910    $a rcp21
913    $a BIB
945    $b   -  -   $c v. 1 $e   -  -   $f 0 $g 1 $i 33086002267300 $j 0 $l bknf  $o - $p $0.00 $q - $r - $s - $t 40 $u 0 $v 0 $w 0 $x 0 $y .i12130527 $z 05-17-01 $h 0 $2 0 $3 0 $k   -  -   $4   -  -  
945    $b   -  -   $c v. 2 $e   -  -   $f 0 $g 1 $i 33086002267318 $j 0 $l bknf  $o - $p $0.00 $q - $r - $s - $t 40 $u 0 $v 0 $w 0 $x 0 $y .i12130539 $z 05-17-01 $h 0 $2 0 $3 0 $k   -  -   $4   -  -  
947 00 $a LTI060707
979    $a Pbook
998    $a bk $b 2001-03-23 $c m $d a $e - $f eng $g xx  $h 4 $i 0
999    $a 8 $b 33086002267318 $c 1 $d v. 2 $e Status: on shelf $f 20200612 $g 8 $h Suppress: 0 $j 942.07 O48e $r TOT_CHECKOUT: 0
999    $a 8 $b 33086002267300 $c 1 $d v. 1 $e Status: on shelf $f 20200612 $g 8 $h Suppress: 0 $j 942.07 O48e $r TOT_CHECKOUT: 0

