01164nam a2200325I  4500
001 9952174760401401
005 20220810165005.0
008 720905|1929||||xx            000 0 engmu
010    $a 29021169
035    $a 116262
035    $a (Mills)ocm00398896 
035    $a (MillsTIND)145628
040    $c WSU $d m/c $d MIQ
049    $a MIQA
092    $a 942.07 $b D262a
100 1  $a Davis, H. W. Carless $q (Henry William Carless), $d 1874-1928.
245 14 $a The age of Grey and Peel.
260    $a Oxford, $b The Clarendon press, $c 1929.
300    $a 347 p.
650  0 $a Political parties $z Great Britain.
651  0 $a Great Britain $x Politics and government $y 19th century.
907    $a .b11598554 $b 2007-06-13 $c 2001-05-17
909 CO $o oai:mills.tind.io:145628 $p GLOBAL_SET
910    $a rcp21
913    $a BIB
945    $b   -  -   $e   -  -   $f 0 $g 1 $i 33086002267177 $j 0 $l bknf  $o - $p $0.00 $q - $r - $s - $t 40 $u 0 $v 0 $w 0 $x 0 $y .i12130230 $z 05-17-01 $h 0 $2 0 $3 0 $k   -  -   $4   -  -  
947 00 $a LTI060707
979    $a Pbook
998    $a bk $b 2001-03-23 $c m $d a $e - $f eng $g xx  $h 4 $i 0
999    $a 8 $b 33086002267177 $c 1 $e Status: on shelf $f 20200612 $g 8 $h Suppress: 0 $j 942.07 D262a $r TOT_CHECKOUT: 0

