01339nam a2200385   4500
001 9952174812601401
005 20220810165223.0
008 740607c19741973nyu      b    001 0 eng  
010    $a 73087138
020    $c $13.95
035    $a 115903
035    $a (Mills)ocm01006145 
035    $a (MillsTIND)144915
040    $a DLC $c DLC $d MIQ
043    $a e-uk---
049    $a MIQA
050 0  $a DA395 $b .M25 1974
082    $a 942.06/2
092    $a 942.06 $b M283p
100 1  $a Manning, Brian.
245 10 $a Politics, religion, and the English Civil War, $c edited by Brian Manning.
260    $a New York, $b St. Martin's Press $c [1974, c1973]
300    $a 272 p. $c 23 cm.
504    $a Bibliography: p. 251-259.
651  0 $a Great Britain $x Politics and government $y 1625-1649.
651  0 $a Great Britain $x Church history $y 17th century.
907    $a .b11590439 $b 2007-06-13 $c 2001-05-17
909 CO $o oai:mills.tind.io:144915 $p GLOBAL_SET
910    $a rcp21
913    $a BIB
945    $b   -  -   $e   -  -   $f 0 $g 1 $i 33086002263267 $j 0 $l bknf  $o - $p $0.00 $q - $r - $s - $t 40 $u 0 $v 0 $w 0 $x 0 $y .i12121071 $z 05-17-01 $h 0 $2 0 $3 0 $k   -  -   $4   -  -  
947 00 $a LTI060707
979    $a Pbook
998    $a bk $b 2001-03-23 $c m $d a $e - $f eng $g nyu $h 0 $i 0
999    $a 8 $b 33086002263267 $c 1 $e Status: on shelf $f 20200612 $g 8 $h Suppress: 0 $j 942.06 M283p $r TOT_CHECKOUT: 0

