01335cam a2200361I  4500
001 9952174827701401
005 20220810165219.0
008 750611s1953    enkac    b    000 0 engmc
010    $a a  54001777
035    $a 115238
035    $a (Mills)ocm01384860 
035    $a (MillsTIND)143556
040    $a Rochester. Univ. Libr. $c CIN $d SER $d MIQ
049    $a MIQA $v 1
050 0  $a DA315 $b .H3 1953
082    $a 942.05
092    $a 942.05 $b H318t
100 1  $a Harrison, David, $d 1894-
245 10 $a Tudor England.
260    $a London, $b Cassell $c [1953]
300    $a 2 v. $b illus., ports. $c 25 cm.
504    $a Includes bibliographical notes.
590    $a LIBRARY HAS VOL. 1 ONLY.
651  0 $a Great Britain $x History $y Tudors, 1485-1603.
907    $a .b11575645 $b 2007-06-13 $c 2001-05-17
909 CO $o oai:mills.tind.io:143556 $p GLOBAL_SET
910    $a rcp21
913    $a BIB
945    $b   -  -   $c v.1 $e   -  -   $f 0 $g 1 $i 33086000064139 $j 0 $l bknf  $n IF V.2 ARRIVES, REMOVE 590 BIB NOTE. $o - $p $0.00 $q - $r - $s - $t 40 $u 0 $v 0 $w 0 $x 0 $y .i12099570 $z 05-17-01 $h 0 $2 0 $3 0 $k   -  -   $4   -  -  
947 00 $a LTI060707
979    $a Pbook
998    $a bk $b 2001-03-23 $c m $d a $e - $f eng $g enk $h 0 $i 0
999    $a 8 $b 33086000064139 $c 1 $d v.1 $e Status: on shelf $f 20200612 $g 8 $h Suppress: 0 $j 942.05 H318t $r TOT_CHECKOUT: 0 $s "Note: IF V.2 ARRIVES, REMOVE 590 BIB NOTE."

