01542pam a2200421   4500
001 9952174838301401
005 20220810165220.0
008 721130s1973    nyua     b    001 0 eng  
010    $a 72011839
020    $a 0394479505 $a 039431140X (text ed.) $c $6.95
035    $a 115143
035    $a (Mills)ocm00520731 
035    $a (MillsTIND)143331
040    $a DLC $c DLC $d MIQ
043    $a e-uk---
049    $a MIQA
050 0  $a DA26 $b .B65 Vol. 2 $a DA175
082    $a 942 s $a 942.03
092    $a 942.03 $b P888c
100 1  $a Powicke, Michael R.
245 14 $a The community of the realm, 1154-1485 $c [by] Michael R. Powicke.
250    $a [1st ed.]
260    $a New York, $b Knopf; [distributed by Random House, $c 1973]
300    $a xii, 194 p. $b illus. $c 25 cm.
490 1  $a The Borzoi history of England, $v v. 2
504    $a Bibliography: p. 177-183.
651  0 $a Great Britain $x History $y Plantagenets, 1154-1399.
651  0 $a Great Britain $x History $y Lancaster and York, 1399-1485.
830  0 $a Borzoi history of England ; $v v. 2.
907    $a .b11573144 $b 2007-06-13 $c 2001-05-17
909 CO $o oai:mills.tind.io:143331 $p GLOBAL_SET
910    $a rcp21
913    $a BIB
945    $b   -  -   $e   -  -   $f 0 $g 1 $i 33086002254878 $j 0 $l bknf  $o - $p $0.00 $q - $r - $s - $t 40 $u 0 $v 0 $w 0 $x 0 $y .i12096015 $z 05-17-01 $h 0 $2 0 $3 0 $k   -  -   $4   -  -  
947 00 $a LTI060707
979    $a Pbook
998    $a bk $b 2001-03-23 $c m $d a $e - $f eng $g nyu $h 4 $i 0
999    $a 8 $b 33086002254878 $c 1 $e Status: on shelf $f 20200612 $g 8 $h Suppress: 0 $j 942.03 P888c $r TOT_CHECKOUT: 0

