02309cam a2200409   4500
001 9952174843401401
005 20220810165219.0
008 701207c19701960ctuc     b    011 0 eng  
010    $a 75138974
020    $a 208010297
035    $a 115364
035    $a (Mills)ocm00104770 
035    $a (MillsTIND)143847
040    $a DLC $c DLC $d m.c. $d m/c $d SER $d MIQ
043    $a e-uk---
049    $a MIQA
050 0  $a DA375 $b .A68 1970
082    $a 942.06
092    $a 942.06 $b A291c
100 1  $a Aiken, William Appleton, $d 1907-1957.
245 10 $a Conflict in Stuart England; $b essays in honour of Wallace Notestein. $c Edited by William Appleton Aiken and Basil Duke Henning.
260    $a [Hamden, Conn.] $b Archon Books, $c 1970 [c1960]
300    $a 271 p. $b port. $c 22 cm.
504    $a Includes bibliographical references.
505 0  $a Introductory: Wallace Notestein, by H. Simpson.--An analysis of major conflicts in seventeenth-century England, by W. H. Coates.--King James I and Anglo-Scottish unity, by D. H. Willson.--The procedure of the House of Commons against patents and monopolies, 1621-1624, by E. R. Foster.--Charles I and the constitution, by H. Hulme.--"There are no remedies for many things but by a Parliament"; some opposition committees, 1640, by M. F. Keeler.--English pamphlet support for Charles I, November 1648-January 1649, by W. L. Sachse.--"Of people either too few or too many"; the conflict of opinion on population and its relation to emigration, by M. Campbell.--The Admiralty in conflict and commission, 1679-1684, by W. A. Aiken.--The bishops in politics, 1688-1714,by F. G. James.--Bibliography of Wallace Notestein (p. 258-263)
600 10 $a Notestein, Wallace, $d 1878-1969.
651  0 $a Great Britain $x History $y Stuarts, 1603-1714.
700 1  $a Henning, Basil Duke.
907    $a .b11578853 $b 2007-06-13 $c 2001-05-17
909 CO $o oai:mills.tind.io:143847 $p GLOBAL_SET
910    $a rcp21
913    $a BIB
945    $b   -  -   $e   -  -   $f 0 $g 1 $i 33086002257244 $j 0 $l bknf  $o - $p $0.00 $q - $r - $s - $t 40 $u 0 $v 0 $w 0 $x 0 $y .i12105387 $z 05-17-01 $h 0 $2 0 $3 0 $k   -  -   $4   -  -  
947 00 $a LTI060707
979    $a Pbook
998    $a bk $b 2001-03-23 $c m $d a $e - $f eng $g ctu $h 0 $i 0
999    $a 8 $b 33086002257244 $c 1 $e Status: on shelf $f 20200612 $g 8 $h Suppress: 0 $j 942.06 A291c $r TOT_CHECKOUT: 0

