01343cam a2200373I  4500
001 9952174873701401
005 20220810165230.0
008 730703s1958    enk      b    000 0 eng  
010    $a 58004847
035    $a 116302
035    $a (Mills)ocm00649298 
035    $a (MillsTIND)145719
040    $a DLC $c YNG $d OCL $d m.c. $d MIQ
049    $a MIQA
050    $a DA510 $b .C45
082    $a 942.073
092    $a 942.073 $b C555e
100 1  $a Christie, Ian R.
245 14 $a The end of North's ministry, $b 1780-1782.
260    $a London, $b Macmillan; $a New York, $b St. Martin's Press, $c 1958.
300    $a xiii, 428 p. $c 23 cm.
440  0 $a England in the age of the American Revolution
504    $a Bibliographical footnotes.
600 10 $a North, Frederick, $c Lord, $d 1732-1792.
651  0 $a Great Britain $x Politics and government $y 1760-1789.
907    $a .b11599558 $b 2007-06-13 $c 2001-05-17
909 CO $o oai:mills.tind.io:145719 $p GLOBAL_SET
910    $a rcp21
913    $a BIB
945    $b   -  -   $e   -  -   $f 0 $g 1 $i 33086002267599 $j 0 $l bknf  $o - $p $0.00 $q - $r - $s - $t 40 $u 0 $v 0 $w 0 $x 0 $y .i12131350 $z 05-17-01 $h 0 $2 0 $3 0 $k   -  -   $4   -  -  
947 00 $a LTI060707
979    $a Pbook
998    $a bk $b 2001-03-23 $c m $d a $e - $f eng $g enk $h 4 $i 0
999    $a 8 $b 33086002267599 $c 1 $e Status: on shelf $f 20200612 $g 8 $h Suppress: 0 $j 942.073 C555e $r TOT_CHECKOUT: 0

