04633nam a2200601Ia 4500
001 9952174876601401
005 20220810165231.0
008 850410m19361962idub          000 0 eng d
035    $a 116290
035    $a (Mills)ocm11903710 
035    $a (MillsTIND)145684
040    $a ICA $c ICA $d m/c $d MIQ
049    $a MIQA
092    $a 942.072 $b G514b
100 1  $a Gipson, Lawrence Henry, $d 1880-1971.
245 14 $a The British Empire before the American Revolution.
260    $a Caldwell, Id.: $b The Caxton Printers, $c 1936-62.
300    $a 10 v.; $b maps (part fold.): $c 25 cm.
500    $a Vols. 4-10 have imprint: New York, A. A. Knopf.
504    $a Includes bibliographies.
505 0  $a Provincial characteristics and sectional tendencies in the era preceding the American crisis: 1. Great Britain and Ireland. 2. The southern plantations. 3. The northern plantations.--Zones of international friction: 4. North America, south of the Great Lakes region, 1748-1754. 5. The Great Lakes frontier, Canada, the West Indies, India, 1748-1754.--The Great War for the Empire: 6. The years of defeat, 1754-1757. 7. The victorious years, 1758-1760. 8. The culmination, 1760-1763.--The triumphant empire. 9. New responsibilities within the enlarged empire, 1763-1766.--10. The triumphant empire: thunder-clouds gather in the west, 1763-1766.
651  0 $a Great Britain $x History $y 18th century.
651  0 $a Ireland $x History $y 18th century.
651  0 $a Great Britain $x Colonies $z America.
651  0 $a United States $x History $y Colonial period, ca. 1600-1775.
651  0 $a Great Britain $x Colonies $z America $v Bibliography.
907    $a .b11599200 $b 2011-07-07 $c 2001-05-17
909 CO $o oai:mills.tind.io:145684 $p GLOBAL_SET
910    $a rcp21
913    $a BIB
945    $b   -  -   $c v. 1 $e   -  -   $f 0 $g 1 $i 33086002267474 $j 0 $l bknf  $o - $p $0.00 $q - $r - $s - $t 40 $u 0 $v 0 $w 0 $x 0 $y .i12130916 $z 05-17-01 $h 0 $2 0 $3 0 $k   -  -   $4   -  -  
945    $b   -  -   $c v. 2 $e   -  -   $f 0 $g 1 $i 33086001695154 $j 0 $l bknf  $o - $p $0.00 $q - $r - $s - $t 40 $u 0 $v 0 $w 0 $x 0 $y .i12130928 $z 05-17-01 $h 0 $2 0 $3 0 $k   -  -   $4   -  -  
945    $b   -  -   $c v. 3 $e   -  -   $f 0 $g 1 $i 33086001695378 $j 0 $l bknf  $o - $p $0.00 $q - $r - $s - $t 40 $u 0 $v 0 $w 0 $x 0 $y .i1213093x $z 05-17-01 $h 0 $2 0 $3 0 $k   -  -   $4   -  -  
945    $b   -  -   $c v. 4 $e   -  -   $f 0 $g 1 $i 33086001695774 $j 0 $l bknf  $o - $p $0.00 $q - $r - $s - $t 40 $u 0 $v 0 $w 0 $x 0 $y .i12130941 $z 05-17-01 $h 0 $2 0 $3 0 $k   -  -   $4   -  -  
945    $b   -  -   $c v. 5 $e   -  -   $f 0 $g 1 $i 33086001695592 $j 0 $l bknf  $o - $p $0.00 $q - $r - $s - $t 40 $u 0 $v 0 $w 0 $x 0 $y .i12130953 $z 05-17-01 $h 0 $2 0 $3 0 $k   -  -   $4   -  -  
945    $b   -  -   $c v. 6 $e   -  -   $f 0 $g 1 $i 33086001695949 $j 0 $l bknf  $o - $p $0.00 $q - $r - $s - $t 40 $u 0 $v 0 $w 0 $x 0 $y .i12130965 $z 05-17-01 $h 0 $2 0 $3 0 $k   -  -   $4   -  -  
945    $b   -  -   $c v. 7 $e   -  -   $f 0 $g 1 $i 33086001695147 $j 0 $l bknf  $o - $p $0.00 $q - $r - $s - $t 40 $u 0 $v 0 $w 0 $x 0 $y .i12130977 $z 05-17-01 $h 0 $2 0 $3 0 $k   -  -   $4   -  -  
945    $b   -  -   $c v. 8 $e   -  -   $f 0 $g 1 $i 33086001695931 $j 0 $l bknf  $o - $p $0.00 $q - $r - $s - $t 40 $u 0 $v 0 $w 0 $x 0 $y .i12130989 $z 05-17-01 $h 0 $2 0 $3 0 $k   -  -   $4   -  -  
945    $b   -  -   $c v. 9 $e   -  -   $f 0 $g 1 $i 33086001695139 $j 0 $l bknf  $o - $p $0.00 $q - $r - $s - $t 40 $u 0 $v 0 $w 0 $x 0 $y .i12130990 $z 05-17-01 $h 0 $2 0 $3 0 $k   -  -   $4   -  -  
945    $b   -  -   $c v.10 $e   -  -   $f 0 $g 1 $i 33086001695360 $j 0 $l bknf  $o - $p $0.00 $q - $r - $s - $t 40 $u 0 $v 0 $w 0 $x 0 $y .i12131003 $z 05-17-01 $h 0 $2 0 $3 0 $k   -  -   $4   -  -  
947 00 $a LTI060707
979    $a Pbook
998    $a bk $b 2001-03-23 $c m $d a $e - $f eng $g idu $h 4 $i 0
999    $a 8 $b 33086002267474 $c 1 $d v. 1 $e Status: on shelf $f 20200612 $g 8 $h Suppress: 0 $j 942.072 G514b $r TOT_CHECKOUT: 0
999    $a 8 $b 33086001695139 $c 1 $d v. 9 $e Status: on shelf $f 20200612 $g 8 $h Suppress: 0 $j 942.072 G514b $r TOT_CHECKOUT: 0
999    $a 8 $b 33086001695147 $c 1 $d v. 7 $e Status: on shelf $f 20200612 $g 8 $h Suppress: 0 $j 942.072 G514b $r TOT_CHECKOUT: 0
999    $a 8 $b 33086001695154 $c 1 $d v. 2 $e Status: on shelf $f 20200612 $g 8 $h Suppress: 0 $j 942.072 G514b $r TOT_CHECKOUT: 0
999    $a 8 $b 33086001695360 $c 1 $d v.10 $e Status: on shelf $f 20200612 $g 8 $h Suppress: 0 $j 942.072 G514b $r TOT_CHECKOUT: 0
999    $a 8 $b 33086001695378 $c 1 $d v. 3 $e Status: on shelf $f 20200612 $g 8 $h Suppress: 0 $j 942.072 G514b $r TOT_CHECKOUT: 0
999    $a 8 $b 33086001695592 $c 1 $d v. 5 $e Status: on shelf $f 20200612 $g 8 $h Suppress: 0 $j 942.072 G514b $r TOT_CHECKOUT: 0
999    $a 8 $b 33086001695774 $c 1 $d v. 4 $e Status: on shelf $f 20200612 $g 8 $h Suppress: 0 $j 942.072 G514b $r TOT_CHECKOUT: 0
999    $a 8 $b 33086001695931 $c 1 $d v. 8 $e Status: on shelf $f 20200612 $g 8 $h Suppress: 0 $j 942.072 G514b $r TOT_CHECKOUT: 0
999    $a 8 $b 33086001695949 $c 1 $d v. 6 $e Status: on shelf $f 20200612 $g 8 $h Suppress: 0 $j 942.072 G514b $r TOT_CHECKOUT: 0

