01724cam a2200421I  4500
001 9952174882101401
005 20220810165231.0
008 760112s1944    caua     b    000 0bengmc
010    $a a  44004600
035    $a 116309
035    $a (Mills)ocm01922690 
035    $a (MillsTIND)145737
040    $a California Univ. Libr. $c CIN $d CIN $d OCL $d m.c. $d m/c $d MIQ
049    $a MIQA
050    $a DC220.3 $b .K55
082    $a 942.073
092    $a 942.073 $b K65w
100 1  $a Klingberg, Frank Joseph, $d 1883-
245 14 $a The warning drum. $b The British home front faces Napoleon; $c broadsides of 1803 edited by Frank J. Klingberg and Sigurd B. Hustvedt.
246 3  $a British home front faces Napoleon
260    $a Berkeley, $a Los Angeles, $b University of California press, $c 1944.
300    $a vii, 287 p. $b illus. $c 24 cm.
490 1  $a Publications of the William Andrews Clark memorial library.
504    $a Bibliography: p. 283-287.
650  0 $a Napoleonic Wars, 1800-1815 $x Proposed invasion of England, 1793-1805.
650  0 $a Broadsides.
651  0 $a Great Britain $x History $x Invasions.
700 1  $a Hustvedt, Sigurd Bernhard, $d 1882-1954.
830  0 $a Publications (William Andrews Clark Memorial Library)
907    $a .b1159973x $b 2007-06-13 $c 2001-05-17
909 CO $o oai:mills.tind.io:145737 $p GLOBAL_SET
910    $a rcp21
913    $a BIB
945    $b   -  -   $e   -  -   $f 0 $g 1 $i 33086002267664 $j 0 $l bknf  $o - $p $0.00 $q - $r - $s - $t 40 $u 0 $v 0 $w 0 $x 0 $y .i12131556 $z 05-17-01 $h 0 $2 0 $3 0 $k   -  -   $4   -  -  
947 00 $a LTI060707
979    $a Pbook
998    $a bk $b 2001-03-23 $c m $d a $e - $f eng $g cau $h 4 $i 0
999    $a 8 $b 33086002267664 $c 1 $e Status: on shelf $f 20200612 $g 8 $h Suppress: 0 $j 942.073 K65w $r TOT_CHECKOUT: 0

