01152nam a2200325I  4500
001 9952174889201401
005 20220810165237.0
008 761216s1962    nyua          000 0 engm 
010    $a 62021341
035    $a 116457
035    $a (Mills)ocm02626563 
035    $a (MillsTIND)146055
040    $a DLC $c HLS $d m.c. $d MIQ
049    $a MIQA
050 0  $a E744 $b .H43 no.156
092    $a 942.085 $b W367b
100 1  $a Webb, R. K. $q (Robert Kiefer), $d 1922-
245 10 $a Britain faces the sixties.
260    $a [New York, $b Foreign Policy Association] $c 1962.
300    $a 61 p. $b illus. $c 20 cm.
651  0 $a Great Britain $x Politics and government $y 1945-
907    $a .b11603094 $b 2007-06-13 $c 2001-05-17
909 CO $o oai:mills.tind.io:146055 $p GLOBAL_SET
910    $a rcp21
913    $a BIB
945    $b   -  -   $e   -  -   $f 0 $g 1 $i 33086002269199 $j 0 $l bknf  $o - $p $0.00 $q - $r - $s - $t 40 $u 0 $v 0 $w 0 $x 0 $y .i12135240 $z 05-17-01 $h 0 $2 0 $3 0 $k   -  -   $4   -  -  
947 00 $a LTI060707
979    $a Pbook
998    $a bk $b 2001-03-23 $c m $d a $e - $f eng $g nyu $h 0 $i 0
999    $a 8 $b 33086002269199 $c 1 $e Status: on shelf $f 20200612 $g 8 $h Suppress: 0 $j 942.085 W367b $r TOT_CHECKOUT: 0

