01406cam a2200385I  4500
001 9952174893101401
005 20220810165234.0
008 721214s1963    enk      b    000 0 engm 
010    $a 64001294
035    $a 116362
035    $a (Mills)ocm00517445 
035    $a (MillsTIND)145848
040    $a DLC $c KSU $d SER $d m.c. $d m/c $d MIQ
049    $a MIQA
050 0  $a DA563.5 $b .S48 1963
082    $a 942.08
092    $a 942.08 $b S528g
100 1  $a Shannon, Richard.
245 10 $a Gladstone and the Bulgarian agitation 1876. $c With an introd. by G. S. R. Kitson Clark.
260    $a London, $a New York, $b Nelson $c [1963]
300    $a xxviii, 308 p. $c 23 cm.
440  0 $a Nelson's studies in modern history
504    $a Bibliography: p. 282-296.
600 10 $a Gladstone, W. E. $q (William Ewart), $d 1809-1898.
650  0 $a Public opinion $z Great Britain.
651  0 $a Bulgaria $x History $y Uprising, 1876.
907    $a .b11600895 $b 2007-06-13 $c 2001-05-17
909 CO $o oai:mills.tind.io:145848 $p GLOBAL_SET
910    $a rcp21
913    $a BIB
945    $b   -  -   $e   -  -   $f 0 $g 1 $i 33086002268217 $j 0 $l bknf  $o - $p $0.00 $q - $r - $s - $t 40 $u 0 $v 0 $w 0 $x 0 $y .i12132809 $z 05-17-01 $h 0 $2 0 $3 0 $k   -  -   $4   -  -  
947 00 $a LTI060707
979    $a Pbook
998    $a bk $b 2001-03-23 $c m $d a $e - $f eng $g enk $h 0 $i 0
999    $a 8 $b 33086002268217 $c 1 $e Status: on shelf $f 20200612 $g 8 $h Suppress: 0 $j 942.08 S528g $r TOT_CHECKOUT: 0

