01461cam a2200373I  4500
001 9952174893401401
005 20220810165245.0
008 750325s1951    enk           000 0 eng  
010    $a 52005315 /L
035    $a 116361
035    $a (Mills)ocm01235498 
035    $a (MillsTIND)145845
040    $a DLC $c GWC $d OCL $d SER $d m.c. $d m/c $d MIQ
049    $a MIQA
050 0  $a DA566.9.P58 $b A3 1951
082    $a 942.081
092    $a 942.08 $b P799r
100 1  $a Ponsonby, Frederick Edward Grey, $c Baron Sysonby, $d 1867-1935.
245 10 $a Recollections of three reigns. $c Prepared for press with notes and an introductory memoir by Colin Welch.
260    $a London, $b Eyre & Spottiswoode, $c 1951.
300    $a 365 p. $c 24 cm.
600 00 $a Victoria, $c Queen of Great Britain, $d 1819-1901.
600 00 $a Edward $b VII, $c King of Great Britain, $d 1841-1910.
600 00 $a George $b V, $c King of Great Britain, $d 1865-1936.
651  0 $a Great Britain $x Court and courtiers.
907    $a .b1160086x $b 2007-06-13 $c 2001-05-17
909 CO $o oai:mills.tind.io:145845 $p GLOBAL_SET
910    $a rcp21
913    $a BIB
945    $b   -  -   $e   -  -   $f 0 $g 1 $i 33086002268209 $j 0 $l bknf  $o - $p $0.00 $q - $r - $s - $t 40 $u 0 $v 0 $w 0 $x 0 $y .i12132779 $z 05-17-01 $h 0 $2 0 $3 0 $k   -  -   $4   -  -  
947 00 $a LTI060707
979    $a Pbook
998    $a bk $b 2001-03-23 $c m $d a $e - $f eng $g enk $h 0 $i 0
999    $a 8 $b 33086002268209 $c 1 $e Status: on shelf $f 20200612 $g 8 $h Suppress: 0 $j 942.08 P799r $r TOT_CHECKOUT: 0

