01512cam a2200385I  4500
001 9952174894301401
005 20220810165244.0
008 720918s1907    enkb     b    000 0 eng  
010    $a 08002553
035    $a 116355
035    $a (Mills)ocm00407862 
035    $a (MillsTIND)145834
040    $a DLC $c WSU $d SER $d m.c. $d MIQ
049    $a MIQA
050 0  $a DA30 $b .P76 vol. 12
092    $a 942.08 $b L912h
100 1  $a Low, Sidney, $c Sir, $d 1857-1932.
245 14 $a The history of England during the reign of Victoria (1837-1907) $c by Sidney Low ... and Lloyd C. Sanders, B.A.
260    $a London, $a New York [etc.] $b Longmans, Green, and Co., $c 1907.
300    $a xviii, 532 p. $b fold. maps. $c 23 cm.
490 1  $a The political history of England
504    $a "On authorities": p. 491-508.
651  0 $a Great Britain $x History $y Victoria, 1837-1901.
651  0 $a Great Britain $x Politics and government $y 1837-1901.
700 1  $a Sanders, Lloyd Charles, $d 1857-
830  0 $a Political history of England.
907    $a .b11600755 $b 2007-06-13 $c 2001-05-17
909 CO $o oai:mills.tind.io:145834 $p GLOBAL_SET
910    $a rcp21
913    $a BIB
945    $b   -  -   $e   -  -   $f 0 $g 1 $i 33086002268142 $j 0 $l bknf  $o - $p $0.00 $q - $r - $s - $t 40 $u 0 $v 0 $w 0 $x 0 $y .i12132664 $z 05-17-01 $h 0 $2 0 $3 0 $k   -  -   $4   -  -  
947 00 $a LTI060707
979    $a Pbook
998    $a bk $b 2001-03-23 $c m $d a $e - $f eng $g enk $h 4 $i 0
999    $a 8 $b 33086002268142 $c 1 $e Status: on shelf $f 20200612 $g 8 $h Suppress: 0 $j 942.08 L912h $r TOT_CHECKOUT: 0

