01354cam a2200397   4500
001 9952174902401401
005 20220810165239.0
008 690716s1969    nju      b    001 0beng  
010    $a 69017373 //r83
020    $a 0131942905 $c 4.95
035    $a 115995
035    $a (Mills)ocm00012750 
035    $a (MillsTIND)145083
040    $a DLC $c DLC $d m.c. $d MIQ
049    $a MIQA
050 0  $a DA428.1 $b .A77
082    $a 942.06/4/0924 $a B
092    $a 942.064 $b C946a
100 1  $a Ashley, Maurice, $d 1907-1994.
245 10 $a Cromwell, $c edited by Maurice Ashley.
260    $a Englewood Cliffs, N.J., $b Prentice-Hall $c [1969]
300    $a x, 177 p. $c 22 cm.
440  0 $a Great lives observed
490 1  $a A Spectrum book
504    $a "Bibliographical note": p. 171-173.
600 10 $a Cromwell, Oliver, $d 1599-1658.
830  0 $a Spectrum book.
907    $a .b1159231x $b 2007-06-13 $c 2001-05-17
909 CO $o oai:mills.tind.io:145083 $p GLOBAL_SET
910    $a rcp21
913    $a BIB
945    $b   -  -   $e   -  -   $f 0 $g 1 $i 33086002264398 $j 0 $l bknf  $o - $p $0.00 $q - $r - $s - $t 40 $u 0 $v 0 $w 0 $x 0 $y .i12123420 $z 05-17-01 $h 0 $2 0 $3 0 $k   -  -   $4   -  -  
947 00 $a LTI060707
979    $a Pbook
998    $a bk $b 2001-03-23 $c m $d a $e - $f eng $g nju $h 0 $i 0
999    $a 8 $b 33086002264398 $c 1 $e Status: on shelf $f 20200612 $g 8 $h Suppress: 0 $j 942.064 C946a $r TOT_CHECKOUT: 0

