01372cam a2200361I  4500
001 9952174903301401
005 20220810165240.0
008 721116s1926    enk           000 0 engm 
010    $a 27014978
035    $a 116410
035    $a (Mills)ocm00497104 
035    $a (MillsTIND)145954
040    $a DLC $c KSU $d OCL $d SER $d MIQ
049    $a MIQA
050 0  $a DA566.7 $b .Z5
092    $a 942.083 $b Z76t
100 1  $a Zimmern, Alfred Eckhard, $c Sir, $d 1879-1957.
245 14 $a The third British Empire, $b being a course of lectures delivered at Columbia University, New York, $c by Alfred Zimmern.
260    $a London, $b H. Milford, Oxford University Press, $c 1926.
300    $a 5 p. l., 148 p. $c 20 cm.
650  0 $a Imperial federation.
650  0 $a International relations.
651  0 $a Great Britain $x Colonies.
651  0 $a Great Britain $x Foreign relations $y 1910-1936.
907    $a .b11602041 $b 2007-06-13 $c 2001-05-17
909 CO $o oai:mills.tind.io:145954 $p GLOBAL_SET
910    $a rcp21
913    $a BIB
945    $b   -  -   $e   -  -   $f 0 $g 1 $i 33086002268712 $j 0 $l bknf  $o - $p $0.00 $q - $r - $s - $t 40 $u 0 $v 0 $w 0 $x 0 $y .i12133991 $z 05-17-01 $h 0 $2 0 $3 0 $k   -  -   $4   -  -  
947 00 $a LTI060707
979    $a Pbook
998    $a bk $b 2001-03-23 $c m $d a $e - $f eng $g enk $h 4 $i 0
999    $a 8 $b 33086002268712 $c 1 $e Status: on shelf $f 20200612 $g 8 $h Suppress: 0 $j 942.083 Z76t $r TOT_CHECKOUT: 0

