01203nam a2200349I  4500
001 9952174905001401
005 20220810165241.0
008 750818|1957||||xx            000 0 eng u
010    $a 57002644
035    $a 116402
035    $a (Mills)ocm01558198 
035    $a (MillsTIND)145937
040    $c JPL $d m.c. $d MIQ
049    $a MIQA
050 0  $a DA578 $b .M613
082    $a 942.083
092    $a 942.083 $b M787t
100 1  $a Montgomery, John, $d 1916-
245 14 $a The twenties, $b an informal social history.
260    $a London, $b G. Allen & Unwin. $c [1957]
300    $a 335 p. $b illus. $c 23 cm.
651  0 $a Great Britain $x Civilization.
651  0 $a Great Britain $x History $y George V, 1910-1936.
907    $a .b11601875 $b 2007-06-13 $c 2001-05-17
909 CO $o oai:mills.tind.io:145937 $p GLOBAL_SET
910    $a rcp21
913    $a BIB
945    $b   -  -   $e   -  -   $f 0 $g 1 $i 33086002268639 $j 0 $l bknf  $o - $p $0.00 $q - $r - $s - $t 40 $u 0 $v 0 $w 0 $x 0 $y .i12133802 $z 05-17-01 $h 0 $2 0 $3 0 $k   -  -   $4   -  -  
947 00 $a LTI060707
979    $a Pbook
998    $a bk $b 2001-03-23 $c m $d a $e - $f eng $g xx  $h 4 $i 0
999    $a 8 $b 33086002268639 $c 1 $e Status: on shelf $f 20200612 $g 8 $h Suppress: 0 $j 942.083 M787t $r TOT_CHECKOUT: 0

