01866cam a2200421I  4500
001 9952174906501401
005 20220810165242.0
008 720901s1938    nyuc          000 0 engm 
010    $a 38027899
035    $a 116394
035    $a (Mills)ocm00397720 
035    $a (MillsTIND)145920
040    $a DLC $c KSU $d m.c. $d SER $d OCL $d MSC $d MIQ
049    $a MIQA
050 0  $a DA566.7 $b .C53 1938a
082    $a 942.08
092    $a 942.083 $b C563w
100 1  $a Churchill, Winston, $c Sir, $d 1874-1965.
245 10 $a While England slept; $b a survey of world affairs, 1932-1938, $c by the Rt. Hon. Winston S. Churchill, C.H., M.P. With a preface and notes by Randolph S. Churchill.
260    $a New York, $b G.P. Putnam's Sons, $c 1938.
300    $a xii, 404 p. $b front. (port.) $c 24 cm.
500    $a London edition (G.G. Harrap & Co., ltd.) has title: Arms and the Covenant.
500    $a "Speeches on foreign affairs and national defence ... All except the first were delivered in the last six years, and all but two in the House of Commons."--Pref.
650  0 $a Disarmament.
650  0 $a Security, International.
651  0 $a Great Britain $x Foreign relations $y 20th century.
651  0 $a Europe $x Politics and government $y 1918-1945.
651  0 $a Germany $x Politics and government $y 1933-1945.
700 1  $a Churchill, Randolph S. $q (Randolph Spencer), $d 1911-1968.
907    $a .b1160167x $b 2007-06-13 $c 2001-05-17
909 CO $o oai:mills.tind.io:145920 $p GLOBAL_SET
910    $a rcp21
913    $a BIB
945    $b   -  -   $e   -  -   $f 0 $g 1 $i 33086002268548 $j 0 $l bknf  $o - $p $0.00 $q - $r - $s - $t 40 $u 0 $v 0 $w 0 $x 0 $y .i12133589 $z 05-17-01 $h 0 $2 0 $3 0 $k   -  -   $4   -  -  
947 00 $a LTI060707
979    $a Pbook
998    $a bk $b 2001-03-23 $c m $d a $e - $f eng $g nyu $h 0 $i 0
999    $a 8 $b 33086002268548 $c 1 $e Status: on shelf $f 20200612 $g 8 $h Suppress: 0 $j 942.083 C563w $r TOT_CHECKOUT: 0

