01303cam a2200373I  4500
001 9952174908601401
005 20220810165242.0
008 720908s1947    nyu           000 0 engm 
010    $a 47011976
035    $a 116440
035    $a (Mills)ocm00401305 
035    $a (MillsTIND)146006
040    $a DLC $c WSU $d SER $d m.c. $d OCL $d m/c $d MIQ
049    $a MIQA
050 0  $a DA585.J6 $b W4
082    $a 942.084
092    $a 942.084 $b W519m
100 1  $a West, Rebecca, $d 1892-1983.
245 14 $a The meaning of treason.
260    $a New York, $b Viking Press, $c 1947.
300    $a [6] l., 3-307 p. $c 22 cm.
500    $a Pub. in part in the New Yorker and Harper's magazine.
600 10 $a Joyce, William, $d 1906-1946.
600 10 $a Amery, John, $d 1912-1945.
650  0 $a Trials (Treason) $z Great Britain.
907    $a .b11602600 $b 2007-06-13 $c 2001-05-17
909 CO $o oai:mills.tind.io:146006 $p GLOBAL_SET
910    $a rcp21
913    $a BIB
945    $b   -  -   $e   -  -   $f 0 $g 1 $i 33086002269017 $j 0 $l bknf  $o - $p $0.00 $q - $r - $s - $t 40 $u 0 $v 0 $w 0 $x 0 $y .i12134727 $z 05-17-01 $h 0 $2 0 $3 0 $k   -  -   $4   -  -  
947 00 $a LTI060707
979    $a Pbook
998    $a bk $b 2001-03-23 $c m $d a $e - $f eng $g nyu $h 4 $i 0
999    $a 8 $b 33086002269017 $c 1 $e Status: on shelf $f 20200612 $g 8 $h Suppress: 0 $j 942.084 W519m $r TOT_CHECKOUT: 0

