01266cam a2200313I  4500
001 9952175042401401
005 20220810165305.0
008 740502s1897    enk           000 0 eng d
035    $a 116228
035    $a (Mills)ocm00876460 
035    $a (MillsTIND)145550
040    $a WOO $c WOO $d m.c. $d OCL $d MIQ
049    $a MIQA
092    $a 942.064 $b G224c
100 1  $a Gardiner, Samuel Rawson, $d 1829-1902.
245 10 $a Cromwell's place in history. $b Founded on six lectures delivered in the University of Oxford, $c by Samuel Rawson Gardiner.
260    $a London, $a New York, $b Longmans, Green, and Co., $c 1897.
300    $a 4 p. l., 120 p. $c 20 cm.
600 10 $a Cromwell, Oliver, $d 1599-1658.
651  0 $a Great Britain $x History $y Commonwealth and Protectorate, 1649-1660.
907    $a .b11597720 $b 2007-06-13 $c 2001-05-17
909 CO $o oai:mills.tind.io:145550 $p GLOBAL_SET
910    $a rcp21
913    $a BIB
945    $b   -  -   $e   -  -   $f 0 $g 1 $i 33086002266831 $j 0 $l bknf  $o - $p $0.00 $q - $r - $s - $t 40 $u 0 $v 0 $w 0 $x 0 $y .i1212929x $z 05-17-01 $h 0 $2 0 $3 0 $k   -  -   $4   -  -  
947 00 $a LTI060707
979    $a Pbook
998    $a bk $b 2001-03-23 $c m $d a $e - $f eng $g enk $h 0 $i 0
999    $a 8 $b 33086002266831 $c 1 $e Status: on shelf $f 20200612 $g 8 $h Suppress: 0 $j 942.064 G224c $r TOT_CHECKOUT: 0

