01158nam a2200361I  4500
001 9952175454101401
005 20220810165737.0
008 750116|1959||||xx            000 0 eng u
010    $a 59006696
035    $a 55892
035    $a (Mills)ocm01142530 
035    $a (MillsTIND)148680
040    $c IAU $d m.c. $d m/c $d MIQ
049    $a MIQA
050 0  $a BL53 $b .G78
082    $a 201
092    $a 201 $b G878g
100 1  $a Gross, Leonard.
245 10 $a God and Freud.
260    $a New York, $b D. McKay C. $c [1959]
300    $a 215 p. $c 21 cm.
600 10 $a Freud, Sigmund, $d 1856-1939.
650  0 $a Psychology, Religious.
650  0 $a Pastoral psychology.
907    $a .b11631077 $b 2007-06-13 $c 2001-05-17
909 CO $o oai:mills.tind.io:148680 $p GLOBAL_SET
910    $a rcp16
913    $a BIB
945    $b   -  -   $e   -  -   $f 0 $g 1 $i 33086000665737 $j 0 $l bknf  $o - $p $0.00 $q - $r - $s - $t 40 $u 0 $v 0 $w 0 $x 0 $y .i12170501 $z 05-17-01 $h 0 $2 0 $3 0 $k   -  -   $4   -  -  
947 00 $a LTI060707
979    $a Pbook
998    $a bk $b 2001-03-23 $c m $d a $e - $f eng $g xx  $h 0 $i 0
999    $a 8 $b 33086000665737 $c 1 $e Status: on shelf $f 20200612 $g 8 $h Suppress: 0 $j 201 G878g $r TOT_CHECKOUT: 0

