01168cam a2200337I  4500
001 9952175459101401
005 20220810165742.0
008 730710s1959    enk      b    000 0 eng d
010    $a 59001984
035    $a 56330
035    $a (Mills)ocm00653532 
035    $a (MillsTIND)149348
040    $a ATO $c ATO $d OCL $d m/c $d MIQ
049    $a MIQA
092    $a 215 $b M643r
100 1  $a Miles, T. R. $q (Thomas Richard)
245 10 $a Religion and the scientific outlook.
260    $a London, $b Allen & Unwin $c [1959]
300    $a 223 p. $c 23 cm.
504    $a Includes bibliography.
650  0 $a Religion and science $x History $y 20th century.
650  0 $a Logical positivism.
907    $a .b11638461 $b 2007-06-13 $c 2001-05-17
909 CO $o oai:mills.tind.io:149348 $p GLOBAL_SET
910    $a rcp16
913    $a BIB
945    $b   -  -   $e   -  -   $f 0 $g 1 $i 33086000670257 $j 0 $l bknf  $o - $p $0.00 $q - $r - $s - $t 40 $u 0 $v 0 $w 0 $x 0 $y .i12178846 $z 05-17-01 $h 0 $2 0 $3 0 $k   -  -   $4   -  -  
947 00 $a LTI060707
979    $a Pbook
998    $a bk $b 2001-03-23 $c m $d a $e - $f eng $g enk $h 0 $i 0
999    $a 8 $b 33086000670257 $c 1 $e Status: on shelf $f 20200612 $g 8 $h Suppress: 0 $j 215 M643r $r TOT_CHECKOUT: 0

