01220cam a22003491  4500
001 9952175500101401
005 20220810165746.0
008 730208s1960    kyu           000 0 eng  
010    $a 60012269 /L/r84
035    $a 56194
035    $a (Mills)ocm01002492 
035    $a (MillsTIND)149120
040    $a DLC $c DLC $d m.c. $d OCL $d MIQ
043    $a n-us---
049    $a MIQA
050 0  $a JK271 $b .G668
082    $a 342.73
092    $a 323.4 $b G624c
100 1  $a Goldwater, Barry M. $q (Barry Morris), $d 1909-1998.
245 14 $a The conscience of a Conservative.
260    $a Shepherdsville, Ky., $b Victor Pub. Co., $c 1960.
300    $a 123 p. $c 22 cm.
651  0 $a United States $x Politics and government $y 20th century.
907    $a .b11636142 $b 2007-06-13 $c 2001-05-17
909 CO $o oai:mills.tind.io:149120 $p GLOBAL_SET
910    $a rcp14
913    $a BIB
945    $b   -  -   $e   -  -   $f 0 $g 1 $i 33086000668848 $j 0 $l bknf  $o - $p $0.00 $q - $r - $s - $t 40 $u 0 $v 0 $w 0 $x 0 $y .i12176060 $z 05-17-01 $h 0 $2 0 $3 0 $k   -  -   $4   -  -  
947 00 $a LTI060707
979    $a Pbook
998    $a bk $b 2001-03-23 $c m $d a $e - $f eng $g kyu $h 4 $i 0
999    $a 8 $b 33086000668848 $c 1 $e Status: on shelf $f 20200612 $g 8 $h Suppress: 0 $j 323.4 G624c $r TOT_CHECKOUT: 0

