01256nam a2200361   4500
001 9952175503001401
005 20220810165748.0
008 720105s1971    txua     b    001 0 eng  
010    $a 70160294
020    $c $5.95
035    $a 56315
035    $a (Mills)ocm00221208 
035    $a (MillsTIND)149325
040    $a DLC $c DLC $d m.c. $d MIQ
049    $a MIQA
050 0  $a BL240.2 $b .B82
082    $a 215
092    $a 215 $b B917h
100 1  $a Bube, Richard H., $d 1927-
245 14 $a The human quest; $b a new look at science and the Christian faith $c [by] Richard H. Bube.
260    $a Waco, Tex., $b Word Books $c [1971]
300    $a 262 p. $b illus. $c 23 cm.
504    $a Bibliography: p. 254-257.
650  0 $a Religion and science $x History $y 20th century.
907    $a .b11638217 $b 2007-06-13 $c 2001-05-17
909 CO $o oai:mills.tind.io:149325 $p GLOBAL_SET
910    $a rcp16
913    $a BIB
945    $b   -  -   $e   -  -   $f 0 $g 1 $i 33086000670109 $j 0 $l bknf  $o - $p $0.00 $q - $r - $s - $t 40 $u 0 $v 0 $w 0 $x 0 $y .i12178561 $z 05-17-01 $h 0 $2 0 $3 0 $k   -  -   $4   -  -  
947 00 $a LTI060707
979    $a Pbook
998    $a bk $b 2001-03-23 $c m $d a $e - $f eng $g txu $h 4 $i 0
999    $a 8 $b 33086000670109 $c 1 $e Status: on shelf $f 20200612 $g 8 $h Suppress: 0 $j 215 B917h $r TOT_CHECKOUT: 0

