01861nam a22004571  4500
001 9952175529001401
005 20220810165755.0
008 740520s1967    mau      b    000 0 eng  
010    $a 67012930
035    $a 56187
035    $a (Mills)ocm00253349 
035    $a (MillsTIND)149107
040    $a DLC $c DLC $d m.c. $d MIQ
043    $a n-us---
049    $a MIQA
050 0  $a KF4748 $b .E5 1967
082    $a 342.73/03
092    $a 323.4 $b E53p3
100 1  $a Emerson, Thomas Irwin, $d 1907-
245 10 $a Political and civil rights in the United States; $b a collection of legal and related materials $c [by] Thomas I. Emerson, David Haber [and] Norman Dorsen.
250    $a 3d ed.
260    $a Boston, $b Little, Brown, $c 1967.
300    $a 2 v. (xxviii, 2274 p.) $c 25 cm.
504    $a Includes bibliographies.
650  0 $a Civil rights $z United States.
650  0 $a Civil rights $z United States $v Cases.
650  0 $a Political rights $z United States.
650  0 $a Political rights $z United States $v Cases.
700 1  $a Haber, David.
700 1  $a Dorsen, Norman.
907    $a .b11636014 $b 2007-06-13 $c 2001-05-17
909 CO $o oai:mills.tind.io:149107 $p GLOBAL_SET
910    $a rcp14
913    $a BIB
945    $b   -  -   $c v. 1 $e   -  -   $f 0 $g 1 $i 33086000668764 $j 0 $l bknf  $o - $p $0.00 $q - $r - $s - $t 40 $u 0 $v 0 $w 0 $x 0 $y .i12175912 $z 05-17-01 $h 0 $2 0 $3 0 $k   -  -   $4   -  -  
945    $b   -  -   $c v. 2 $e   -  -   $f 0 $g 1 $i 33086001622679 $j 0 $l bknf  $o - $p $0.00 $q - $r - $s - $t 40 $u 0 $v 0 $w 0 $x 0 $y .i12175924 $z 05-17-01 $h 0 $2 0 $3 0 $k   -  -   $4   -  -  
947 00 $a LTI060707
979    $a Pbook
998    $a bk $b 2001-03-23 $c m $d a $e - $f eng $g mau $h 0 $i 0
999    $a 8 $b 33086001622679 $c 1 $d v. 2 $e Status: on shelf $f 20200612 $g 8 $h Suppress: 0 $j 323.4 E53p3 $r TOT_CHECKOUT: 0
999    $a 8 $b 33086000668764 $c 1 $d v. 1 $e Status: on shelf $f 20200612 $g 8 $h Suppress: 0 $j 323.4 E53p3 $r TOT_CHECKOUT: 0

