02077cam a2200385I  4500
001 9952175532501401
005 20220810165759.0
008 750710|1950||||xx            000 0 eng u
010    $a 50006919
035    $a 56219
035    $a (Mills)ocm01442004 
035    $a (MillsTIND)149157
040    $c JPL $d OCL $d MIQ
049    $a MIQA
050 0  $a JC571 $b .I54
082    $a 323.4
092    $a 323.4 $b I59g
110 2  $a Jewish Theological Seminary of America. $b Institute for Religious and Social Studies.
245 10 $a Great expressions of human rights, a series of addresses and discussions, $c edited by R. M. MacIver.
260    $a New York, $b Institute for Religious and Social Studies; distributed by Harper $c [1950]
300    $a xvi, 321 p. $c 21 cm.
440  0 $a Religion and civilization series
505 0  $a The vision of Micah, by R. Gordis.--Within the four seas all are brothers, by Wing-tait Chan.--The funeral oration of Perieles, by R. P. McKeon.--The ethics of the fathers, by B. Z. Bokser.--The Golden Rule, by D. V. Steere.--Magna carta, by J. B. Brebner.--The natural law, by J. C. Murray. Bibliography (p. 103-104)--The supreme freedom, by E. Rice.--An agreement of the people, by W. Haller.--The American Bill of rights, by J. A. Krout.--The Declaration of the rights of man and citizen, by S. Kent.--The Chartist petition, by N. Thomas.--The inaugurals of Lincoln, by H. J. Carman.--The international bill of rights, by R. N. Baldwin.
650  0 $a Liberty.
650  0 $a Civil rights.
700 1  $a MacIver, Robert M. $q (Robert Morrison), $d 1882-1970.
907    $a .b11636518 $b 2007-06-13 $c 2001-05-17
909 CO $o oai:mills.tind.io:149157 $p GLOBAL_SET
910    $a rcp14
913    $a BIB
945    $b   -  -   $e   -  -   $f 0 $g 1 $i 33086000669127 $j 0 $l bknf  $o - $p $0.00 $q - $r - $s - $t 40 $u 0 $v 0 $w 0 $x 0 $y .i12176473 $z 05-17-01 $h 0 $2 0 $3 0 $k   -  -   $4   -  -  
947 00 $a LTI060707
979    $a Pbook
998    $a bk $b 2001-03-23 $c m $d a $e - $f eng $g xx  $h 0 $i 0
999    $a 8 $b 33086000669127 $c 1 $e Status: on shelf $f 20200612 $g 8 $h Suppress: 0 $j 323.4 I59g $r TOT_CHECKOUT: 0

