01292cam a2200385   4500
001 9952175541001401
005 20220810165757.0
008 700306s1970    nyu           000 0 eng  
010    $a 70085065
020    $c 12.50
035    $a 55866
035    $a (Mills)ocm00057333 
035    $a (MillsTIND)148639
040    $a DLC $c DLC $d OCL $d MIQ
049    $a MIQA
050 0  $a BL80.2 $b .V3 1970
082    $a 200
092    $a 200 $b V129t
100 1  $a Vail, Albert Ross, $d b. 1880.
245 10 $a Transforming light; $b the living heritage of world religions $c [by] Albert Vail and Emily McClellan Vail.
250    $a [1st ed.]
260    $a New York, $b Harper & Row $c [1970]
300    $a xvii, 451 p. $c 24 cm.
650  0 $a Religions.
650  0 $a Religion.
700 1  $a Vail, Emily McClellan.
907    $a .b11630590 $b 2007-06-13 $c 2001-05-17
909 CO $o oai:mills.tind.io:148639 $p GLOBAL_SET
910    $a rcp16
913    $a BIB
945    $b   -  -   $e   -  -   $f 0 $g 1 $i 33086000665455 $j 0 $l bknf  $o - $p $0.00 $q - $r - $s - $t 40 $u 0 $v 0 $w 0 $x 0 $y .i12169961 $z 05-17-01 $h 0 $2 0 $3 0 $k   -  -   $4   -  -  
947 00 $a LTI060707
979    $a Pbook
998    $a bk $b 2001-03-23 $c m $d a $e - $f eng $g nyu $h 0 $i 0
999    $a 8 $b 33086000665455 $c 1 $e Status: on shelf $f 20200612 $g 8 $h Suppress: 0 $j 200 V129t $r TOT_CHECKOUT: 0

