01527cam a2200421I  4500
001 9952175542901401
005 20220810165759.0
008 720815s1953    pau      b    000 0 eng  
010    $a 53001533
035    $a 56183
035    $a (Mills)ocm00382862 
035    $a (MillsTIND)149101
040    $a DLC $c WSU $d SER $d m.c. $d OCL $d MIQ
041 1  $a engund
049    $a MIQA
050 0  $a BR346 $b .A24
082    $a 270.6
092    $a 208 $b L697x
100 1  $a Zwingli, Ulrich, $d 1484-1531.
245 10 $a Zwingli and Bullinger; $b selected translations with introductions and notes $c by G. W. Bromiley.
260    $a Philadelphia, $b Westminster Press $c [1953]
300    $a 364 p. $c 24 cm.
490 1  $a The Library of Christian classics, v. 24
504    $a Bibliography: p. 353-357.
650  0 $a Reformed Church.
650  0 $a Theology $x History $y 16th century.
700 1  $a Bullinger, Heinrich, $d 1504-1575.
700 1  $a Bromiley, Geoffrey William.
830  0 $a Library of Christian classics (Philadelphia, Pa.) ; $v v. 24.
907    $a .b11635952 $b 2007-06-13 $c 2001-05-17
909 CO $o oai:mills.tind.io:149101 $p GLOBAL_SET
910    $a rcp16
913    $a BIB
945    $b   -  -   $e   -  -   $f 0 $g 1 $i 33086000668723 $j 0 $l bknf  $o - $p $0.00 $q - $r - $s - $t 40 $u 0 $v 0 $w 0 $x 0 $y .i12175845 $z 05-17-01 $h 0 $2 0 $3 0 $k   -  -   $4   -  -  
947 00 $a LTI060707
979    $a Pbook
998    $a bk $b 2001-03-23 $c m $d a $e - $f eng $g pau $h 0 $i 0
999    $a 8 $b 33086000668723 $c 1 $e Status: on shelf $f 20200612 $g 8 $h Suppress: 0 $j 208 L697x $r TOT_CHECKOUT: 0

