01389cam a2200385I  4500
001 9952175625901401
005 20220810165824.0
008 740613s1943    nyu      b    000 0 eng  
010    $a 43005516
035    $a 56288
035    $a (Mills)ocm00917727 
035    $a (MillsTIND)149277
040    $a DLC $c ITD $d SER $d MIQ
043    $a n-us---
049    $a MIQA
050 0  $a H31 $b .C7 no. 497
082    $a 211
092    $a 211 $b P857p
100 1  $a Post, Albert.
245 10 $a Popular freethought in America, 1825-1850, $c by Albert Post, PH.D.
260    $a New York, $b Columbia University Press; $a London, $b P. S. King & Staples, ltd., $c 1943.
300    $a 259 p. $c 23 cm.
440  0 $a Studies in history, economics, and public law ; $v no. 497
500    $a Issued also as thesis (PH.D.) Columbia university.
504    $a Bibliography: p. 235-249.
650  0 $a Free thought $x History.
907    $a .b11637717 $b 2007-06-13 $c 2001-05-17
909 CO $o oai:mills.tind.io:149277 $p GLOBAL_SET
910    $a rcp16
913    $a BIB
945    $b   -  -   $e   -  -   $f 0 $g 1 $i 33086000669838 $j 0 $l bknf  $o - $p $0.00 $q - $r - $s - $t 40 $u 0 $v 0 $w 0 $x 0 $y .i12178044 $z 05-17-01 $h 0 $2 0 $3 0 $k   -  -   $4   -  -  
947 00 $a LTI060707
979    $a Pbook
998    $a bk $b 2001-03-23 $c m $d a $e - $f eng $g nyu $h 0 $i 0
999    $a 8 $b 33086000669838 $c 1 $e Status: on shelf $f 20200612 $g 8 $h Suppress: 0 $j 211 P857p $r TOT_CHECKOUT: 0

