01419cam a2200385I  4500
001 9952175715301401
005 20220810165839.0
008 781106s1958    pau      b    001 0 eng  
010    $a 58005060
035    $a 56181
035    $a (Mills)ocm04348598 
035    $a (MillsTIND)149099
040    $a DLC $c VYN $d m.c. $d OCL $d WSU $d MIQ
049    $a MIQA
050 0  $a BS485 $b .C333 1958
082    $a 220.7
092    $a 208 $b L697w
100 1  $a Calvin, Jean, $d 1509-1564.
245 10 $a Calvin: commentaries. $c Newly translated and edited by Joseph Haroutunian.
260    $a Philadelphia, $b Westminster Press $c [1958]
300    $a 414 p. $c 24 cm.
490 1  $a The Library of Christian classics, $v v. 23
500    $a Cover title: Calvin: commentaries and letters.
630 00 $a Bible $v Commentaries.
700 1  $a Haroutunian, Joseph, $d 1904-1968.
830  0 $a Library of Christian classics (Philadelphia, Pa.) ; $v v. 23.
907    $a .b11635939 $b 2007-06-13 $c 2001-05-17
909 CO $o oai:mills.tind.io:149099 $p GLOBAL_SET
910    $a rcp16
913    $a BIB
945    $b   -  -   $e   -  -   $f 0 $g 1 $i 33086000668707 $j 0 $l bknf  $o - $p $0.00 $q - $r - $s - $t 40 $u 0 $v 0 $w 0 $x 0 $y .i12175821 $z 05-17-01 $h 0 $2 0 $3 0 $k   -  -   $4   -  -  
947 00 $a LTI060707
979    $a Pbook
998    $a bk $b 2001-03-23 $c m $d a $e - $f eng $g pau $h 0 $i 0
999    $a 8 $b 33086000668707 $c 1 $e Status: on shelf $f 20200612 $g 8 $h Suppress: 0 $j 208 L697w $r TOT_CHECKOUT: 0

