01417nam a2200385I  4500
001 9952175722901401
005 20220810165843.0
008 781102s1958    pau      b    001 0 eng  
010    $a 58008713
035    $a 56168
035    $a (Mills)ocm04341141 
035    $a (MillsTIND)149076
040    $a DLC $c VYN $d m.c. $d MIQ
049    $a MIQA
050 0  $a BV5017 $b .C5 1958
082    $a 248
092    $a 208 $b L697L
100 1  $a Chadwick, Owen.
245 10 $a Western asceticism; $c selected translations with introductions and notes.
260    $a Philadelphia, $b Westminster Press $c [1958]
300    $a 368 p. $c 24 cm.
490 1  $a The Library of Christian classics, $v v.12
504    $a Bibliography: p. 361-362.
505 0  $a The sayings of the Fathers.--The conferences of Cassian.--The rule of Saint Benedict.
650  0 $a Asceticism.
830  0 $a Library of Christian classics (Philadelphia, Pa.) ; $v v. 12.
907    $a .b11635708 $b 2007-06-13 $c 2001-05-17
909 CO $o oai:mills.tind.io:149076 $p GLOBAL_SET
910    $a rcp16
913    $a BIB
945    $b   -  -   $e   -  -   $f 0 $g 1 $i 33086000668558 $j 0 $l bknf  $o - $p $0.00 $q - $r - $s - $t 40 $u 0 $v 0 $w 0 $x 0 $y .i12175560 $z 05-17-01 $h 0 $2 0 $3 0 $k   -  -   $4   -  -  
947 00 $a LTI060707
979    $a Pbook
998    $a bk $b 2001-03-23 $c m $d a $e - $f eng $g pau $h 0 $i 0
999    $a 8 $b 33086000668558 $c 1 $e Status: on shelf $f 20200612 $g 8 $h Suppress: 0 $j 208 L697L $r TOT_CHECKOUT: 0

