01397nam a2200409 i 4500
001 9952175744801401
005 20220810165838.0
008 750317s1973    ilu      b    001 0 eng  
010    $a 73077131
020    $a 0226284360
035    $a 56213
035    $a (Mills)ocm00785931 
035    $a (MillsTIND)149146
040    $a DLC $c DLC $d m.c. $d MIQ
043    $a n-us---
049    $a MIQA
050 0  $a BR516.5 $b .G35
082    $a 200/.973
092    $a 209 $b G274d
100 1  $a Gaustad, Edwin S. $q (Edwin Scott)
245 10 $a Dissent in American religion / $c Edwin Scott Gaustad.
260    $a Chicago : $b University of Chicago Press, $c 1973.
300    $a xii, 184 p. ; $c 22 cm.
440  0 $a Chicago history of American religion
500    $a Includes index.
504    $a Bibliography: p. 161-176.
650  0 $a Dissenters, Religious $z United States.
651  0 $a United States $x Religion.
907    $a .b11636403 $b 2007-06-13 $c 2001-05-17
909 CO $o oai:mills.tind.io:149146 $p GLOBAL_SET
910    $a rcp16
913    $a BIB
945    $b   -  -   $e   -  -   $f 0 $g 1 $i 33086000669044 $j 0 $l bknf  $o - $p $0.00 $q - $r - $s - $t 40 $u 0 $v 0 $w 0 $x 0 $y .i12176333 $z 05-17-01 $h 0 $2 0 $3 0 $k   -  -   $4   -  -  
947 00 $a LTI060707
979    $a Pbook
998    $a bk $b 2001-03-23 $c m $d a $e - $f eng $g ilu $h 0 $i 0
999    $a 8 $b 33086000669044 $c 1 $e Status: on shelf $f 20200612 $g 8 $h Suppress: 0 $j 209 G274d $r TOT_CHECKOUT: 0

