01449cam a2200361I  4500
001 9952175751601401
005 20220810165837.0
008 720714s1930    enkc     b    000 0 engm 
010    $a 31003379
035    $a 56211
035    $a (Mills)ocm00355956 
035    $a (MillsTIND)149142
040    $a DLC $c WSU $d OCL $d KSU $d m.c. $d MIQ
049    $a MIQA
050    $a PR3729.T13 $b A6 1930
082    $a 208.1
092    $a 208.1 $b T243g
100 1  $a Taylor, Jeremy, $d 1613-1667.
245 14 $a The Golden grove; $b selected passages from the sermons and writings of Jeremy Taylor. $c Edited by Logan Pearsall Smith, with a bibliography of the works of Jeremy Taylor by Robert Gathorne-Hardy.
260    $a Oxford, $b The Clarendon press, $c 1930.
300    $a lxiii, 330 p., 1 l. incl. front. $b port. $c 20 cm.
600 10 $a Taylor, Jeremy, $d 1613-1667 $v Bibliography.
700 1  $a Smith, Logan Pearsall, $d 1865-1946.
700 1  $a Gathorne-Hardy, Robert, $d 1902-
907    $a .b11636361 $b 2007-06-13 $c 2001-05-17
909 CO $o oai:mills.tind.io:149142 $p GLOBAL_SET
910    $a rcp16
913    $a BIB
945    $b   -  -   $e   -  -   $f 0 $g 1 $i 33086000669028 $j 0 $l bknf  $o - $p $0.00 $q - $r - $s - $t 40 $u 0 $v 0 $w 0 $x 0 $y .i12176291 $z 05-17-01 $h 0 $2 0 $3 0 $k   -  -   $4   -  -  
947 00 $a LTI060707
979    $a Pbook
998    $a bk $b 2001-03-23 $c m $d a $e - $f eng $g enk $h 4 $i 0
999    $a 8 $b 33086000669028 $c 1 $e Status: on shelf $f 20200612 $g 8 $h Suppress: 0 $j 208.1 T243g $r TOT_CHECKOUT: 0

