01126cam a22003371  4500
001 9952175774701401
005 20220810165852.0
008 730109s1962    nyu           000 0 eng  
010    $a 62011851 /L
035    $a 58722
035    $a (Mills)ocm00965006 
035    $a (MillsTIND)153222
040    $a DLC $c DLC $d m.c. $d OCL $d MIQ
049    $a MIQA
050 0  $a HT151 $b .G68
082    $a 301.36
092    $a 323.352 $b G816e
100 1  $a Greer, Scott A.
245 14 $a The emerging city; $b myth and reality.
260    $a [New York] $b Free Press of Glencoe $c [1962]
300    $a 232 p. $c 22 cm.
650  0 $a Sociology, Urban.
907    $a .b11679049 $b 2007-06-13 $c 2001-05-17
909 CO $o oai:mills.tind.io:153222 $p GLOBAL_SET
910    $a rcp12
913    $a BIB
945    $b   -  -   $e   -  -   $f 0 $g 1 $i 33086000695569 $j 0 $l bknf  $o - $p $0.00 $q - $r - $s - $t 40 $u 0 $v 0 $w 0 $x 0 $y .i12228308 $z 05-17-01 $h 0 $2 0 $3 0 $k   -  -   $4   -  -  
947 00 $a LTI060707
979    $a Pbook
998    $a bk $b 2001-03-23 $c m $d a $e - $f eng $g nyu $h 4 $i 0
999    $a 8 $b 33086000695569 $c 1 $e Status: on shelf $f 20200612 $g 8 $h Suppress: 0 $j 323.352 G816e $r TOT_CHECKOUT: 0

