01343cam a2200373I  4500
001 9952175775101401
005 20220810165853.0
008 720313s1961    nyuab    b    000 0 eng  
010    $a 61017298
035    $a 58721
035    $a (Mills)ocm00261437 
035    $a (MillsTIND)153220
040    $a DLC $c WSU $d SER $d m.c. $d MIQ
049    $a MIQA
050 0  $a HT123.5.A12 $b G6
082    $a 301.36
092    $a 323.352 $b G686m
100 1  $a Gottmann, Jean.
245 10 $a Megalopolis; $b the urbanized northeastern seaboard of the United States.
260    $a New York, $b Twentieth Century Fund, $c 1961.
300    $a xi, 810 p. $b illus., maps, tables. $c 25 cm.
504    $a Bibliographical footnotes.
650  0 $a Cities and towns $z Atlantic States.
650  0 $a Cities and towns $x Growth.
650  0 $a Metropolitan areas $z Atlantic States.
907    $a .b11679025 $b 2007-06-13 $c 2001-05-17
909 CO $o oai:mills.tind.io:153220 $p GLOBAL_SET
910    $a rcp12
913    $a BIB
945    $b   -  -   $e   -  -   $f 0 $g 1 $i 33086000695551 $j 0 $l bknf  $o - $p $0.00 $q - $r - $s - $t 40 $u 0 $v 0 $w 0 $x 0 $y .i1222828x $z 05-17-01 $h 0 $2 0 $3 0 $k   -  -   $4   -  -  
947 00 $a LTI060707
979    $a Pbook
998    $a bk $b 2001-03-23 $c m $d a $e - $f eng $g nyu $h 0 $i 0
999    $a 8 $b 33086000695551 $c 1 $e Status: on shelf $f 20200612 $g 8 $h Suppress: 0 $j 323.352 G686m $r TOT_CHECKOUT: 0

