01276cam a2200349I  4500
001 9952175878301401
005 20220810170301.0
008 720313s1961    xx       b    000 0 eng u
035    $a 58715
035    $a (Mills)ocm00261772 
035    $a (MillsTIND)153210
040    $c WSU $d m.c. $d OCL $d MIQ
049    $a MIQA
092    $a 323.352 $b D553w
100 1  $a Dickinson, Robert Eric, $d 1905-
245 14 $a The west European city.
250    $a [2d. ed. rev]
260    $b Routledge & Paul $c [1961]
300    $a 582 p.
490 1  $a International library of sociology and social reconstruction
504    $a Bibliography: p.554-565.
650  0 $a Cities and towns $z Europe.
830  0 $a International library of sociology and social reconstruction (Routledge & Kegan Paul)
907    $a .b11678926 $b 2007-06-13 $c 2001-05-17
909 CO $o oai:mills.tind.io:153210 $p GLOBAL_SET
910    $a rcp12
913    $a BIB
945    $b   -  -   $e   -  -   $f 0 $g 1 $i 33086000695494 $j 0 $l bknf  $o - $p $0.00 $q - $r - $s - $t 40 $u 0 $v 0 $w 0 $x 0 $y .i12228175 $z 05-17-01 $h 0 $2 0 $3 0 $k   -  -   $4   -  -  
947 00 $a LTI060707
979    $a Pbook
998    $a bk $b 2001-03-23 $c m $d a $e - $f eng $g xx  $h 4 $i 0
999    $a 8 $b 33086000695494 $c 1 $e Status: on shelf $f 20200612 $g 8 $h Suppress: 0 $j 323.352 D553w $r TOT_CHECKOUT: 0

