01338cam a2200361I  4500
001 9952175882901401
005 20220810170259.0
008 720215c19621948miu      b   s000 0 eng d
035    $a 58677
035    $a (Mills)ocm00242351 
035    $a (MillsTIND)153164
040    $a WSU $c WSU $d OCL $d MIQ
049    $a MIQA
092    $a 323.32 $b T531m
100 1  $a Thrupp, Sylvia L. $q (Sylvia Lettice), $d 1903-
245 14 $a The merchant class of medieval London, 1300-1500.
260    $a Michigan, $b University of Michigan Press $c [1962, c1948]
300    $a xiii, 401 p. $c 21 cm.
490 1  $a Ann Arbor paperbacks
504    $a "Bibliographical note": p. 393-396.
650  0 $a Merchants $z England $z London.
651  0 $a London (England) $x Commerce.
651  0 $a London (England) $x Social life and customs.
830  0 $a Ann Arbor paperbacks.
907    $a .b1167832x $b 2014-06-04 $c 2001-05-17
909 CO $o oai:mills.tind.io:153164 $p GLOBAL_SET
910    $a rcp12
913    $a BIB
945    $b   -  -   $e   -  -   $f 0 $g 1 $i 33086000695106 $j 0 $l bknf  $o - $p $0.00 $q - $r - $s - $t 40 $u 0 $v 0 $w 0 $x 0 $y .i12227493 $z 05-17-01 $h 0 $2 0 $3 0 $k   -  -   $4   -  -  
947 00 $a LTI060707
979    $a Pbook
998    $a bk $b 2001-03-23 $c m $d a $e - $f eng $g miu $h 4 $i 0
999    $a 8 $b 33086000695106 $c 1 $e Status: on shelf $f 20200612 $g 8 $h Suppress: 0 $j 323.32 T531m $r TOT_CHECKOUT: 0

