01741cam a2200373I  4500
001 9952175931501401
005 20220810170319.0
008 780330s1935    sz b          000 0 germ 
010    $a 35024850
035    $a 58156
035    $a (Mills)ocm03761672 
035    $a (MillsTIND)152240
040    $a DLC $c EXN $d OCL $d MIQ
049    $a MIQA
050 0  $a BS239 $b 1936
082    $a 220.58
092    $a 220.539 $b B582z
130 0  $a Bible. $l German. $s Zurich. $f 1935.
245 14 $a Die Heilige Schrift des Alten und des Neuen Testaments. $b Die in Zurich kirchlich eingefuhrte uebersetzung aufs neue nach dem grundtext berichtigt. $c Im auftrag der zurcherischen kirchensynode herausgegeben vom Kirchenrst des kantons Zurich.
260    $a Zurich, $b Zwingli-verlag der Evangelischen gesellschaft; $b druck: Reutimann & co., $c 1935.
300    $a 3 v. in 1. $b maps. $c 17 cm.
500    $a "Neubearbeitung der zurcherischen Bibelubersetsung."--Geleitwort.
500    $a Vol. 2, with title "Das Neue Testament", has special t.-p. only.
500    $a Vol. 3, with title "Geleitwort und anhange", has half-title only.
583 1  $a Committed to retain $c 20190401 $d 20320731 $f SCELC Shared Print $u https://scelc.org/libraries/shared-print $z retain for SCELC
907    $a .b11668957 $b 2019-06-17 $c 2001-05-17
909 CO $o oai:mills.tind.io:152240 $p GLOBAL_SET
910    $a rcp14
913    $a BIB
945    $b   -  -   $e   -  -   $f 0 $g 1 $i 33086000689752 $j 0 $l bknf  $o - $p $0.00 $q - $r - $s - $t 40 $u 0 $v 0 $w 0 $x 0 $y .i12216707 $z 05-17-01 $h 0 $2 0 $3 0 $k   -  -   $4   -  -  
947 00 $a LTI060707
979    $a Pbook
998    $a bk $b 2001-03-23 $c m $d a $e - $f ger $g sz  $h 4 $i 0
999    $a 8 $b 33086000689752 $c 1 $e Status: on shelf $f 20200612 $g 8 $h Suppress: 0 $j 220.539 B582z $r TOT_CHECKOUT: 0

