01734nam a2200409I  4500
001 9952175936501401
005 20220810170331.0
008 771203s1938    xx            000 0 eng  
010    $a 39000007
035    $a 58145
035    $a (Mills)ocm03463261 
035    $a (MillsTIND)152218
040    $a DLC $c CSM $d m.c. $d MIQ
049    $a MIQA
050    $a BS135.1 $b 1938
082    $a 220.52
092    $a 220.5 $b B582w
130 0  $a Bible. $l English (Middle English). $s Wycliffe. $k Selections. $f 1938.
245 10 $a John Wyclif and the English Bible, $c by Melvin Macye Cammack;  with a foreword by Dr. Frank Glenn Lankard.
260    $a New York, $b American Tract Society, $c [1938]
300    $a xiv,289p $c 20cm
500    $a "Wyclif's own Bible translation appears in collected form for the  first time."--p.xiv.
500    $a "The ... Middle English of Wyclif's translation has been put into modern spelling by the author."--p.71.
500    $a "Annotated bibliography": p. [281]-289.
505 0  $a --pt.1 John Wyclif and the English Bible.--pt.2. Wyclif's Bible  translations.
630 00 $a Bible. $l English (Middle English) $x Versions $x Wycliffe.
700 1  $a Wycliffe, John, $d d. 1384.
700 1  $a Cammack, Melvin Macye, $d 1908-
907    $a .b11668738 $b 2007-06-13 $c 2001-05-17
909 CO $o oai:mills.tind.io:152218 $p GLOBAL_SET
910    $a rcp14
913    $a BIB
945    $b   -  -   $e   -  -   $f 0 $g 1 $i 33086000689646 $j 0 $l bknf  $o - $p $0.00 $q - $r - $s - $t 40 $u 0 $v 0 $w 0 $x 0 $y .i1221646x $z 05-17-01 $h 0 $2 0 $3 0 $k   -  -   $4   -  -  
947 00 $a LTI060707
979    $a Pbook
998    $a bk $b 2001-03-23 $c m $d a $e - $f eng $g xx  $h 0 $i 0
999    $a 8 $b 33086000689646 $c 1 $e Status: on shelf $f 20200612 $g 8 $h Suppress: 0 $j 220.5 B582w $r TOT_CHECKOUT: 0

