01316cam a2200373I  4500
001 9952176011701401
005 20220810170336.0
008 721117s1947    nyu      b    000 0 engm 
010    $a 48005117
035    $a 59293
035    $a (Mills)ocm00498117 
035    $a (MillsTIND)154223
040    $a DLC $c WSU $d SER $d m.c. $d MIQ
049    $a MIQA
050 0  $a JC599.U5 $b C35
082    $a 323.4
092    $a 323.4 $b C312f
100 1  $a Carr, Robert Kenneth, $d 1908-
245 10 $a Federal protection of civil rights; $b quest for a sword.
260    $a Ithaca, N.Y., $b Cornell Univ. Press, $c 1947.
300    $a viii, 284 p. $c 23 cm.
440  0 $a Cornell studies in civil liberty
504    $a Bibliographical footnotes.
610 10 $a United States. $b Department of Justice.
650  0 $a Civil rights $z United States.
907    $a .b11689493 $b 2013-11-25 $c 2001-05-17
909 CO $o oai:mills.tind.io:154223 $p GLOBAL_SET
910    $a rcp12
913    $a BIB
945    $b   -  -   $e   -  -   $f 0 $g 1 $i 33086000701490 $j 0 $l bknf  $o - $p $0.00 $q - $r - $s - $t 40 $u 0 $v 0 $w 0 $x 0 $y .i12240497 $z 05-17-01 $h 0 $2 0 $3 0 $k   -  -   $4   -  -  
947 00 $a LTI060707
979    $a Pbook
998    $a bk $b 2001-03-23 $c m $d a $e - $f eng $g nyu $h 0 $i 0
999    $a 8 $b 33086000701490 $c 1 $e Status: on shelf $f 20200612 $g 8 $h Suppress: 0 $j 323.4 C312f $r TOT_CHECKOUT: 0

