01418cam a2200397   4500
001 9952176012201401
005 20220810170341.0
008 710121s1970    ohu      b    001 0 engm 
010    $a 70114736 //r85
020    $a 0814201423 $c $8.00
035    $a 59287
035    $a (Mills)ocm00110189 
035    $a (MillsTIND)154218
040    $a DLC $c DLC $d m.c. $d MIQ
043    $a n-us---
049    $a MIQA
050 0  $a JC599.U5 $b B44
082    $a 323.4/0973
092    $a 323.4 $b B516p
100 1  $a Berman, William C., $d 1932-
245 14 $a The politics of civil rights in the Truman administration $c [by] William C. Berman.
260    $a [Columbus] $b Ohio State University Press $c [1970]
300    $a xi, 261 p. $c 22 cm.
504    $a Bibliography: p. [241]-251.
600 10 $a Truman, Harry S., $d 1884-1972.
650  0 $a Civil rights $z United States.
651  0 $a United States $x Politics and government $y 1945-1953.
907    $a .b11689432 $b 2007-06-13 $c 2001-05-17
909 CO $o oai:mills.tind.io:154218 $p GLOBAL_SET
910    $a rcp12
913    $a BIB
945    $b   -  -   $e   -  -   $f 0 $g 1 $i 33086000701425 $j 0 $l bknf  $o - $p $0.00 $q - $r - $s - $t 40 $u 0 $v 0 $w 0 $x 0 $y .i12240436 $z 05-17-01 $h 0 $2 0 $3 0 $k   -  -   $4   -  -  
947 00 $a LTI060707
979    $a Pbook
998    $a bk $b 2001-03-23 $c m $d a $e - $f eng $g ohu $h 4 $i 0
999    $a 8 $b 33086000701425 $c 1 $e Status: on shelf $f 20200612 $g 8 $h Suppress: 0 $j 323.4 B516p $r TOT_CHECKOUT: 0

