01292cam a2200361I  4500
001 9952176013801401
005 20220810170341.0
008 720131s1964    cauabc   b    000 0 eng  
010    $a 64013356
035    $a 59274
035    $a (Mills)ocm00230635 
035    $a (MillsTIND)154202
040    $a DLC $c WSU $d m.c. $d SER $d OCL $d MIQ
049    $a MIQA
050 0  $a HD645 $b .W7
082    $a 338.10944
092    $a 323.354 $b W949r
100 1  $a Wright, Gordon, $d 1912-
245 10 $a Rural revolution in France; $b the peasantry in the twentieth century.
260    $a Stanford, Calif., $b Stanford University Press, $c 1964.
300    $a xi, 271 p. $b illus., ports., maps. $c 23 cm.
504    $a Bibliography: p. [251]-259.
650  0 $a Peasants $z France.
651  0 $a France $x Rural conditions.
907    $a .b11689262 $b 2011-10-27 $c 2001-05-17
909 CO $o oai:mills.tind.io:154202 $p GLOBAL_SET
910    $a rcp12
913    $a BIB
945    $b   -  -   $e   -  -   $f 0 $g 1 $i 33086000701292 $j 0 $l bknf  $o - $p $0.00 $q - $r - $s - $t 40 $u 0 $v 0 $w 0 $x 0 $y .i12240266 $z 05-17-01 $h 0 $2 0 $3 0 $k   -  -   $4   -  -  
947 00 $a LTI060707
979    $a Pbook
998    $a bk $b 2001-03-23 $c m $d a $e - $f eng $g cau $h 0 $i 0
999    $a 8 $b 33086000701292 $c 1 $e Status: on shelf $f 20200612 $g 8 $h Suppress: 0 $j 323.354 W949r $r TOT_CHECKOUT: 0

