01803nam a2200397I  4500
001 9952176116901401
005 20220810170430.0
008 760205n19511952xx            000 0 eng  
035    $a 59299
035    $a (Mills)ocm01968790 
035    $a (MillsTIND)154232
040    $a DLC $c ROB $d m.c. $d MIQ
049    $a MIQA
082    $a 323.4
092    $a 323.4 $b C433d
100 1  $a Chafee, Zechariah, $d 1885-1957.
245 10 $a Documents on fundamental human rights.
250    $a Prelim. ed.
260    $a [Cambridge] $b Distributed by Harvard University Press, 1951-1952.
300    $a 3 v. (998 p.) $c 21 cm.
500    $a Errata slip inserted in v. 1.
650  0 $a Civil rights $z United States $v Sources.
650  0 $a Civil rights $v Sources.
907    $a .b11689584 $b 2007-06-13 $c 2001-05-17
909 CO $o oai:mills.tind.io:154232 $p GLOBAL_SET
910    $a rcp12
913    $a BIB
945    $b   -  -   $c v. 1 $e   -  -   $f 0 $g 1 $i 33086000701557 $j 0 $l bknf  $o - $p $0.00 $q - $r - $s - $t 40 $u 0 $v 0 $w 0 $x 0 $y .i12240606 $z 05-17-01 $h 0 $2 0 $3 0 $k   -  -   $4   -  -  
945    $b   -  -   $c v. 2 $e   -  -   $f 0 $g 1 $i 33086001622729 $j 0 $l bknf  $o - $p $0.00 $q - $r - $s - $t 40 $u 0 $v 0 $w 0 $x 0 $y .i12240618 $z 05-17-01 $h 0 $2 0 $3 0 $k   -  -   $4   -  -  
945    $b   -  -   $c v. 3 $e   -  -   $f 0 $g 1 $i 33086001622711 $j 0 $l bknf  $o - $p $0.00 $q - $r - $s - $t 40 $u 0 $v 0 $w 0 $x 0 $y .i1224062x $z 05-17-01 $h 0 $2 0 $3 0 $k   -  -   $4   -  -  
947 00 $a LTI060707
979    $a Pbook
998    $a bk $b 2001-03-23 $c m $d a $e - $f eng $g xx  $h 0 $i 0
999    $a 8 $b 33086001622729 $c 1 $d v. 2 $e Status: on shelf $f 20200612 $g 8 $h Suppress: 0 $j 323.4 C433d $r TOT_CHECKOUT: 0
999    $a 8 $b 33086000701557 $c 1 $d v. 1 $e Status: on shelf $f 20200612 $g 8 $h Suppress: 0 $j 323.4 C433d $r TOT_CHECKOUT: 0
999    $a 8 $b 33086001622711 $c 1 $d v. 3 $e Status: on shelf $f 20200612 $g 8 $h Suppress: 0 $j 323.4 C433d $r TOT_CHECKOUT: 0

