01366nam a22003851  4500
001 9952176139701401
005 20220810170440.0
008 730213s1955    ilua          000 0 eng  
010    $a 55005152
035    $a 59208
035    $a (Mills)ocm00264474 
035    $a (MillsTIND)154102
040    $a DLC $c DLC $d m.c. $d MIQ
043    $a n-us--- $a e-it---
049    $a MIQA $c 2
050 0  $a HV6439.U5 $b W5 1955
082    $a 323.352 $a 301.45*
092    $a 323.352 $b W629s2
100 1  $a Whyte, William Foote, $d 1914-2000.
245 10 $a Street corner society; $b the social structure of an Italian slum.
250    $a Enl. [2d] ed.
260    $a [Chicago] $b University of Chicago Press $c [1955]
300    $a xxii, 366 p. $b diagrs. $c 22 cm.
650  0 $a Gangs $z United States.
650  0 $a Italian Americans.
650  0 $a Cities and towns $z United States.
907    $a .b11688129 $b 2007-06-13 $c 2001-05-17
909 CO $o oai:mills.tind.io:154102 $p GLOBAL_SET
910    $a rcp12
913    $a BIB
945    $b   -  -   $e   -  -   $f 0 $g 2 $i 33086000700609 $j 0 $l bknf  $o - $p $0.00 $q - $r - $s - $t 40 $u 0 $v 0 $w 0 $x 0 $y .i12238922 $z 05-17-01 $h 0 $2 0 $3 0 $k   -  -   $4   -  -  
947 00 $a LTI060707
979    $a Pbook
998    $a bk $b 2001-03-23 $c m $d a $e - $f eng $g ilu $h 0 $i 0
999    $a 8 $b 33086000700609 $c 2 $d [copy 2] $e Status: on shelf $f 20200612 $g 8 $h Suppress: 0 $j 323.352 W629s2 $r TOT_CHECKOUT: 0

