01225cam a2200337I  4500
001 9952161724801401
005 20220810161950.0
008 711229s1912    ctu           000 0 engm 
010    $a 12014946
035    $a 63851
035    $a (Mills)ocm00188923 
035    $a (MillsTIND)4800
040    $a DLC $c CDC $d SER $d m.c. $d MIQ
049    $a MIQA
050 0  $a BL51 $b .H6
092    $a 201 $b H685m
100 1  $a Hocking, William Ernest, $d 1873-1966.
245 14 $a The meaning of God in human experience, $b a philosophic study of religion, $c by William Ernest Hocking ...
260    $a New Haven, $b Yale University Press; [etc., etc.] $c 1912.
300    $a xxxix, 586 p., 1 l. $c 24 cm.
650  0 $a Religion $x Philosophy.
650  0 $a God.
907    $a .b1005456x $b 2007-06-12 $c 2001-05-15
909 CO $o oai:mills.tind.io:4800 $p GLOBAL_SET
910    $a rcp01
913    $a BIB
945    $b   -  -   $e   -  -   $f 0 $g 1 $i 33086000752311 $j 0 $l bknf  $o - $p $0.00 $q - $r - $s - $t 40 $u 0 $v 0 $w 0 $x 0 $y .i10063638 $z 05-15-01 $h 0 $2 0 $3 0 $k   -  -   $4   -  -  
947 00 $a LTI060707
979    $a Pbook
998    $a bk $b 2001-03-23 $c m $d a $e - $f eng $g ctu $h 4 $i 0
999    $a 8 $b 33086000752311 $c 1 $e Status: on shelf $f 20200612 $g 8 $h Suppress: 0 $j 201 H685m $r TOT_CHECKOUT: 0

