01605cam a2200397 i 4500
001 9952162006401401
005 20220810162122.0
008 800506s1979    ncu      b    001 0 eng  
010    $a 78067198
020    $a 0822304171
035    $a 3613
035    $a (Mills)RLINCMCG15626725-B
035    $a (MillsTIND)9502
043    $a e-uk--- $a e-uk-en
050 0  $a DA314 $b .F47
082    $a 907/.2042
092    $a 942.05 $b F352c
100 1  $a Ferguson, Arthur B.
245 10 $a Clio unbound : $b perception of the social and cultural past in Renaissance England / $c Arthur B. Ferguson.
260    $a Durham, N.C. : $b Duke University Press, $c 1979.
300    $a xv, 443 p. ; $c 25 cm.
440  0 $a Duke monographs in medieval and Renaissance studies ; $v no. 2
504    $a Includes bibliographical references and index.
650  0 $a Renaissance $z England $x Historiography.
651  0 $a Great Britain $x History $y Tudors, 1485-1603 $x Historiography.
651  0 $a Great Britain $x History $y Early Stuarts, 1603-1649 $x Historiography.
651  0 $a England $x Civilization $y 16th century.
651  0 $a England $x Civilization $y 17th century.
907    $a .b10107423 $b 2007-10-30 $c 2001-05-15
909 CO $o oai:mills.tind.io:9502 $p GLOBAL_SET
913    $a BIB
945    $b   -  -   $e   -  -   $f 0 $g 1 $i 33086000036087 $j 0 $l bknf  $o - $p $0.00 $q - $r - $s - $t 40 $u 0 $v 0 $w 0 $x 0 $y .i10122540 $z 05-15-01 $h 0 $2 0 $3 0 $k   -  -   $4   -  -  
947 00 $a LTI060707
979    $a Pbook
998    $a bk $b 2001-03-23 $c m $d a $e - $f eng $g ncu $h 0 $i 0
999    $a 8 $b 33086000036087 $c 1 $e Status: on shelf $f 20200612 $g 8 $h Suppress: 0 $j 942.05 F352c $r TOT_CHECKOUT: 0

