01323cam a2200373 i 4500
001 9952162186301401
005 20220810162846.0
008 801006s1979    enk      b    001 0 eng  
010    $a 79040157
015    $a GB79
020    $a 0198245947 (Oxford University Press) : $c L.5.50
035    $a 4877
035    $a (Mills)RLINCMCG18880630-B
035    $a (MillsTIND)13160
050 0  $a BT131 $b .K46
082    $a 212
092    $a 212 $b K36g
100 1  $a Kenny, Anthony John Patrick.
245 14 $a The God of the philosophers / $c by Anthony Kenny.
260    $a Oxford : $b Clarendon Press ; $a New York : $b Oxford University Press, $c 1979.
300    $a vii, 135 p. ; $c 22 cm.
500    $a Includes index.
504    $a Bibliography: p. [130]-132.
650  0 $a God $x Omniscience.
650  0 $a God $x Omnipotence.
650  0 $a Religion $x Philosophy.
907    $a .b10148346 $b 2007-10-29 $c 2001-05-15
909 CO $o oai:mills.tind.io:13160 $p GLOBAL_SET
913    $a BIB
945    $b   -  -   $e   -  -   $f 0 $g 1 $i 33086000148775 $j 0 $l bknf  $o - $p $0.00 $q - $r - $s - $t 40 $u 0 $v 0 $w 0 $x 0 $y .i1016862x $z 05-15-01 $h 0 $2 0 $3 0 $k   -  -   $4   -  -  
947 00 $a LTI060707
979    $a Pbook
998    $a bk $b 2001-03-23 $c m $d a $e - $f eng $g enk $h 4 $i 0
999    $a 8 $b 33086000148775 $c 1 $e Status: on shelf $f 20200612 $g 8 $h Suppress: 0 $j 212 K36g $r TOT_CHECKOUT: 0

