01172cam a2200325   4500
001 9952162424101401
005 20220810162935.0
008 800820|||||||||mau           ||| | eng  
010    $a 70159844
020    $a 080700538X $c $7.50
035    $a 4543
035    $a (Mills)RLINCMCG17869307-B
035    $a (MillsTIND)12182
050    $a BX4705.B3845.A294 1971
082    $a 201.1
092    $a 201.1 $b B533g
100 1  $a Berrigan, Daniel.
245 14 $a The geography of faith; $b conversations between Daniel Berrigan, when underground, and Robert Coles.
260    $a Boston, Beacon Press $c [1971]
300    $a 179 p. $b ports. $c 22 cm.
600 10 $a Berrigan, Daniel.
700 1  $a Coles, Robert.
907    $a .b10137385 $b 2007-10-29 $c 2001-05-15
909 CO $o oai:mills.tind.io:12182 $p GLOBAL_SET
913    $a BIB
945    $b   -  -   $e   -  -   $f 0 $g 1 $i 33086000145433 $j 0 $l bknf  $o - $p $0.00 $q - $r - $s - $t 40 $u 0 $v 0 $w 0 $x 0 $y .i1015596x $z 05-15-01 $h 0 $2 0 $3 0 $k   -  -   $4   -  -  
947 00 $a LTI060707
979    $a Pbook
998    $a bk $b 2001-03-23 $c m $d a $e - $f eng $g mau $h 4 $i 0
999    $a 8 $b 33086000145433 $c 1 $e Status: on shelf $f 20200612 $g 8 $h Suppress: 0 $j 201.1 B533g $r TOT_CHECKOUT: 0

