01285cam a2200361 i 4500
001 9952163088901401
005 20220810163840.0
008 810814r19711960ctuc     b    001 0 eng d
010    $a 74122409
020    $a 0208009604
035    $a 7316
035    $a (Mills)RLINCMCG26350580-B
035    $a (MillsTIND)20690
040    $a COMC $c COMC
043    $a e-uk-en
092    $a 942.063 $b U55r
100 1  $a Underdown, David.
245 10 $a Royalist conspiracy in England, 1649-1660 / $c by David Underdown.
260    $a Hamden, Conn. : $b Archon, $c 1971.
300    $a 374 p. : $b ports. ; $c 24 cm.
500    $a First published 1960.
500    $a Includes index
504    $a Bibliography : p. 350-360.
650  0 $a Royalists.
651  0 $a Great Britain $x History $y Commonwealth and Protectorate, 1649-1660.
907    $a .b10231419 $b 2007-10-30 $c 2001-05-15
909 CO $o oai:mills.tind.io:20690 $p GLOBAL_SET
913    $a BIB
945    $b   -  -   $e   -  -   $f 0 $g 1 $i 33086000173179 $j 0 $l bknf  $o - $p $0.00 $q - $r - $s - $t 40 $u 0 $v 0 $w 0 $x 0 $y .i10267037 $z 05-15-01 $h 0 $2 0 $3 0 $k   -  -   $4   -  -  
947 00 $a LTI060707
979    $a Pbook
998    $a bk $b 2001-03-23 $c m $d a $e - $f eng $g ctu $h 0 $i 0
999    $a 8 $b 33086000173179 $c 1 $e Status: on shelf $f 20200612 $g 8 $h Suppress: 0 $j 942.063 U55r $r TOT_CHECKOUT: 0

