01368cam a2200361 i 4500
001 9952163497001401
005 20220810140537.0
008 771021s1968    maua          001 0 eng  
010    $a 68012137
035    $a 8589
035    $a (Mills)RLINCMCG5269440-B
035    $a (MillsTIND)24578
040    $c COMC $d COMC
050 0  $a PE1112 $b .J318
082    $a 428/.2
092    $a 428.2 $b J17e
100 1  $a Jacobs, Roderick A.
245 10 $a English transformational grammar / $c Roderick A. Jacobs [and] Peter S. Rosenbaum; with an epilogue by Paul M. Postal.
260    $a Waltham, Mass. $b Xerox College Publishing, $c 1968.
300    $a x, 294 p. : $b ill. ; $c cm.
490 1  $a A Blaisdell book in the humanities
504    $a "Further reading": p.290-294.
650  0 $a English language $x Grammar, Generative.
700 1  $a Rosenbaum, Peter S.
830  0 $a Blaisdell book in the humanities.
907    $a .b10274613 $b 2007-10-29 $c 2001-05-15
909 CO $o oai:mills.tind.io:24578 $p GLOBAL_SET
913    $a BIB
945    $b   -  -   $e   -  -   $f 0 $g 1 $i 33086000185926 $j 0 $l bknf  $o - $p $0.00 $q - $r - $s - $t 40 $u 0 $v 0 $w 0 $x 0 $y .i1031555x $z 05-15-01 $h 0 $2 0 $3 0 $k   -  -   $4   -  -  
947 00 $a LTI060707
979    $a Pbook
998    $a bk $b 2001-03-23 $c m $d a $e - $f eng $g mau $h 0 $i 0
999    $a 8 $b 33086000185926 $c 1 $e Status: on shelf $f 20200612 $g 8 $h Suppress: 0 $j 428.2 J17e $r TOT_CHECKOUT: 0

