01258cam a2200361 i 4500
001 9952163576301401
005 20220810140604.0
008 780119s1974    enk           001 0 eng  
010    $a 75306321
020    $a 0902818503 : L4.30.
020    $a 0902818493 pbk.
035    $a 8981
035    $a (Mills)RLINCMCG5810582-B
035    $a (MillsTIND)25734
040    $d COMC $d CStRLIN
043    $a ee-----
050 0  $a DR48.5 $b .H36
082    $a 943
092    $b 943 H287b
100 1  $a Harman, Chris.
245 10 $a Bureaucracy and revolution in Eastern Europe.
260    $a London : $b Pluto Press, $c 1974.
300    $a 296 p. ; $c 20 cm.
504    $a Includes bibliographical references and index.
651  0 $a Europe, Eastern $x Politics and government.
907    $a .b10287826 $b 2007-10-10 $c 2001-05-15
909 CO $o oai:mills.tind.io:25734 $p GLOBAL_SET
913    $a BIB
945    $a 943 H287b $b   -  -   $e   -  -   $f 0 $g 1 $i 33086000189860 $j 0 $l bknf  $o - $p $0.00 $q - $r - $s - $t 40 $u 0 $v 0 $w 0 $x 0 $y .i10332182 $z 05-15-01 $h 0 $2 0 $3 0 $k   -  -   $4   -  -  
947 00 $a LTI060707
979    $a Pbook
998    $a bk $b 2001-03-23 $c m $d a $e - $f eng $g enk $h 0 $i 0
999    $a 8 $b 33086000189860 $c 1 $e Status: on shelf $f 20200612 $g 8 $h Suppress: 0 $i 943 H287b $j 943 H287b $r TOT_CHECKOUT: 0

