01544cam a2200409 i 4500
001 9952163712201401
005 20220810140636.0
008 780208s1976    ilu      b    000 0 eng  
010    $a 77000780
020    $a 0814106862 : $c $4.95
035    $a 9076
035    $a (Mills)RLINCMCG5964229-B
035    $a (MillsTIND)26000
040    $d COMC
050 0  $a LB1575.8 $b .R47
082    $a 407
092    $a 407 $b R434
245 00 $a Responses to sexism / $c Ouida H. Clapp, chair ; Lallie Coy, Nan Harty, Ruth Lysne, guest editors.
260    $a Urbana, Ill. : $b National Council of Teachers of English, $c c1976.
300    $a x, 150 p. ; $c 23 cm.
440  0 $a Classroom practices in teaching English ; $v 1976-1977
504    $a Bibliography: p. 139-150.
650  0 $a Language arts $x Psychological aspects.
650  0 $a Sexism.
650  0 $a Sex role in literature.
650  0 $a Femininity.
650  0 $a English language $x Study and teaching.
700 1  $a Clapp, Ouida H.
710 2  $a National Council of Teachers of English. $b Committee on Classroom Practices.
907    $a .b10291076 $b 2007-10-29 $c 2001-05-15
909 CO $o oai:mills.tind.io:26000 $p GLOBAL_SET
913    $a BIB
945    $b   -  -   $e   -  -   $f 0 $g 1 $i 33086000190819 $j 0 $l bknf  $o - $p $0.00 $q - $r - $s - $t 40 $u 0 $v 0 $w 0 $x 0 $y .i10336199 $z 05-15-01 $h 0 $2 0 $3 0 $k   -  -   $4   -  -  
947 00 $a LTI060707
979    $a Pbook
998    $a bk $b 2001-03-23 $c m $d a $e - $f eng $g ilu $h 0 $i 0
999    $a 8 $b 33086000190819 $c 1 $e Status: on shelf $f 20200612 $g 8 $h Suppress: 0 $j 407 R434 $r TOT_CHECKOUT: 0

