01534cam a2200373   4500
001 9952163734101401
005 20220810141400.0
008 771220|||||||||ohu           ||| | eng  
010    $a 73077386
020    $a 0873381408 $c $10.00
035    $a 8910
035    $a (Mills)RLINCMCG5654360-B
035    $a (MillsTIND)25509
040    $d COMC $d CStRLIN
050    $a DA345.1.N6.B43 1974
082    $a 942.05/2/0924 $a B
092    $a 942.052 $b B415n
100 1  $a Beer, Barrett L.
245 10 $a Northumberland; $b the political career of John Dudley, Earl of Warwick and Duke of Northumberland $c [by] Barrett L. Beer.
260    $a [Kent, Ohio] Kent State University Press $c 1974, c1973.
300    $a xi, 235 p. $b illus. $c 24 cm.
504    $a Bibliography: p. 218-227.
600 10 $a Northumberland, John Dudley, $c Duke of, $d 1502-1553.
651  0 $a Great Britain $x Politics and government $y 1509-1547.
651  0 $a Great Britain $x Politics and government $y 1547-1553.
651  0 $a Great Britain $x History $y Henry VIII, 1509-1547.
907    $a .b10285258 $b 2007-10-11 $c 2001-05-15
909 CO $o oai:mills.tind.io:25509 $p GLOBAL_SET
913    $a BIB
945    $a 942.052 B415n $b   -  -   $e   -  -   $f 0 $g 1 $i 33086000189142 $j 0 $l bknf  $o - $p $0.00 $q - $r - $s - $t 40 $u 0 $v 0 $w 0 $x 0 $y .i10329328 $z 05-15-01 $h 0 $2 0 $3 0 $k   -  -   $4   -  -  
947 00 $a LTI060707
979    $a Pbook
998    $a bk $b 2001-03-23 $c m $d a $e - $f eng $g ohu $h 0 $i 0
999    $a 8 $b 33086000189142 $c 1 $e Status: on shelf $f 20200612 $g 8 $h Suppress: 0 $i 942.052 B415n $j 942.052 B415n $r TOT_CHECKOUT: 0

