02053nam a2200385I  4500
001 9952164022601401
005 20220810142045.0
008 750321|1920||||xx            000 0 eng u
035    $a 134115
035    $a (Mills)ocm01227992 
035    $a (MillsTIND)30242
040    $c CIN $d MIQ
049    $a MIQA $v 2-4
092    $a 943.085 $b U58a, App.
110 1  $a United States. $b Army. $b American Forces in Germany, 1918-1923.
245 10 $a American military government of occupied Germany, 1918-1920. $c Report of the officer in charge of civil affairs, Third army, and American forces in Germany.
260    $a [Coblenz, $c 1920]
300    $a v. $b diagrs., forms. $c 27 cm.
500    $a Reproduced from type-written copy.
500    $a Another issue, without apendices, printed by the U.S. Government printing office in 1943.
505 1  $a 2-3. Appendices.--4. Appendices and Glossary of German governmental terms.
651  0 $a Germany $x History $y Allied occupation, 1918-1930.
907    $a .b10338330 $b 2007-06-12 $c 2001-05-15
909 CO $o oai:mills.tind.io:30242 $p GLOBAL_SET
910    $a rcp01
913    $a BIB
945    $b   -  -   $c v.2 $e   -  -   $f 0 $g 1 $i 33086002464964 $j 0 $l bknf  $o - $p $0.00 $q - $r - $s - $t 40 $u 0 $v 0 $w 0 $x 0 $y .i10390509 $z 05-15-01 $h 0 $2 0 $3 0 $k   -  -   $4   -  -  
945    $b   -  -   $c v.3 $e   -  -   $f 0 $g 1 $i 33086002464972 $j 0 $l bknf  $o - $p $0.00 $q - $r - $s - $t 40 $u 0 $v 0 $w 0 $x 0 $y .i10390510 $z 05-15-01 $h 0 $2 0 $3 0 $k   -  -   $4   -  -  
945    $b   -  -   $c v.4 $e   -  -   $f 0 $g 1 $i 33086002464980 $j 0 $l bknf  $o - $p $0.00 $q - $r - $s - $t 40 $u 0 $v 0 $w 0 $x 0 $y .i10390522 $z 05-15-01 $h 0 $2 0 $3 0 $k   -  -   $4   -  -  
947 00 $a LTI060707
979    $a Pbook
998    $a bk $b 2001-03-23 $c m $d a $e - $f eng $g xx  $h 0 $i 0
999    $a 8 $b 33086002464980 $c 1 $d v.4 $e Status: on shelf $f 20200612 $g 8 $h Suppress: 0 $j "943.085 U58a, App." $r TOT_CHECKOUT: 0
999    $a 8 $b 33086002464964 $c 1 $d v.2 $e Status: on shelf $f 20200612 $g 8 $h Suppress: 0 $j "943.085 U58a, App." $r TOT_CHECKOUT: 0
999    $a 8 $b 33086002464972 $c 1 $d v.3 $e Status: on shelf $f 20200612 $g 8 $h Suppress: 0 $j "943.085 U58a, App." $r TOT_CHECKOUT: 0

