01331cam a2200337 i 4500
001 9952164246901401
005 20220810142129.0
008 780929s1976    enk           000 0 eng d
020    $a 095022412X.
020    $a 0950224138 (pbk.)
035    $a 10930
035    $a (Mills)RLINCMCG8080453-B
035    $a (MillsTIND)32084
040    $a cfs $c cfs $d COMC $d CStRLIN
041 0  $a engfro
092    $a 447.01 $b A469b
100 1  $a Alton, Jeannine.
245 10 $a Bele buche e bele parleure : $b a guide to the pronunciation of medieval and Renaissance French for singers and others / $c by Jeannine Alton and Brian Jeffery.
260    $a London : $b Tecla Editions, $c c1976.
300    $a 79 p. ; $c 21 cm.
650  0 $a French language $y To 1300 $x Pronunciation.
650  0 $a French language $y Middle French, 1300-1600 $x Pronunciation.
700 1  $a Jeffery, Brian.
907    $a .b10357932 $b 2007-10-29 $c 2001-05-15
909 CO $o oai:mills.tind.io:32084 $p GLOBAL_SET
913    $a BIB
945    $b   -  -   $e   -  -   $f 0 $g 1 $i 33086000209411 $j 0 $l bknf  $o - $p $0.00 $q - $r - $s - $t 40 $u 0 $v 0 $w 0 $x 0 $y .i10412098 $z 05-15-01 $h 0 $2 0 $3 0 $k   -  -   $4   -  -  
947 00 $a LTI060707
979    $a Pbook
998    $a bk $b 2001-03-23 $c m $d a $e - $f eng $g enk $h 0 $i 0
999    $a 8 $b 33086000209411 $c 1 $e Status: on shelf $f 20200612 $g 8 $h Suppress: 0 $j 447.01 A469b $r TOT_CHECKOUT: 0

