01384nam a2200361   4500
001 9952164556101401
005 20220810143051.0
008 820525s1966    ne       b    000 0 eng  
010    $a 67002110
035    $a 12638
035    $a (Mills)RLINCMCG82-B1048
035    $a (MillsTIND)37397
040    $d CoFS $d COMC
050 0  $a P151 $b .C5
082    $a 415
092    $a 415 $b C548t
100 1  $a Chomsky, Noam.
245 10 $a Topics in the theory of generative grammar.
260    $a The Hague, $b Mouton, $c 1966.
300    $a 95 p. $c 23 cm.
490 1  $a Janua linguarum. Series minor ; $v nr. 56
500    $a "This monograph consists of the text of four lectures delivered at the Linguistic Institute of the Linguistic Society of America, held at Indiana University, June 1964."
504    $a Bibliography: p. [93]-95.
650  0 $a Generative grammar.
830  0 $a Janua linguarum. $p Series minor ; $v 56.
907    $a .b10416493 $b 2007-10-29 $c 2001-05-15
909 CO $o oai:mills.tind.io:37397 $p GLOBAL_SET
913    $a BIB
945    $b   -  -   $e   -  -   $f 0 $g 1 $i 33086000226530 $j 0 $l bknf  $o - $p $0.00 $q - $r - $s - $t 40 $u 0 $v 0 $w 0 $x 0 $y .i10480195 $z 05-15-01 $h 0 $2 0 $3 0 $k   -  -   $4   -  -  
947 00 $a LTI060707
979    $a Pbook
998    $a bk $b 2001-03-23 $c m $d a $e - $f eng $g ne  $h 0 $i 0
999    $a 8 $b 33086000226530 $c 1 $e Status: on shelf $f 20200612 $g 8 $h Suppress: 0 $j 415 C548t $r TOT_CHECKOUT: 0

