01246nam a2200325I  4500
001 9952167457901401
005 20220810152607.0
008 740806|1919||||xx            000 0 eng u
035    $a 85227
035    $a (Mills)ocm00973300 
035    $a (MillsTIND)69524
040    $c KSU $d m.c. $d MIQ
049    $a MIQA
092    $a 822 $b B471j
100 1  $a Bennett, Arnold, $d 1867-1931.
245 10 $a Judith. $b a play in three acts. $c Founded on the apocryphal book of "Judith."
260    $a New York, $b George H. Doran Co. $c [1919]
300    $a 3 pl., 9-96 p., 1l. $c 18.9 cm.
500    $a Bound in gray paper boards; printed paper label on spine; dust jacket.
500    $a Purchased from Gilman, Crompond, N.Y.
600 00 $a Judith $c (Jewish heroine) $v Drama.
907    $a .b10772509 $b 2007-06-12 $c 2001-05-16
909 CO $o oai:mills.tind.io:69524 $p GLOBAL_SET
910    $a rcp13
913    $a BIB
945    $b   -  -   $e   -  -   $f 0 $g 1 $i 33086000981886 $j 0 $l bknf  $o - $p $0.00 $q - $r - $s - $t 40 $u 0 $v 0 $w 0 $x 0 $y .i10932331 $z 05-16-01 $h 0 $2 0 $3 0 $k   -  -   $4   -  -  
947 00 $a LTI060707
979    $a Pbook
998    $a bk $b 2001-03-23 $c m $d a $e - $f eng $g xx  $h 0 $i 0
999    $a 8 $b 33086000981886 $c 1 $e Status: on shelf $f 20200612 $g 8 $h Suppress: 0 $j 822 B471j $r TOT_CHECKOUT: 0

