00998nam a2200289I  4500
001 9952167459001401
005 20220810152610.0
008 730417|1921||||xx            000 0 eng u
035    $a 85223
035    $a (Mills)ocm00604397 
035    $a (MillsTIND)69513
040    $c WCW $d m.c. $d MIQ
049    $a MIQA
092    $a 822 $b B471b
100 1  $a Bennett, Arnold, $d 1867-1931.
245 10 $a Body and Soul; $b a play in four acts.
260    $a New York, $b George H. Doran $c [1921]
300    $a 126 p. $c 20 cm.
907    $a .b1077239x $b 2007-06-12 $c 2001-05-16
909 CO $o oai:mills.tind.io:69513 $p GLOBAL_SET
910    $a rcp13
913    $a BIB
945    $b   -  -   $e   -  -   $f 0 $g 1 $i 33086000981845 $j 0 $l bknf  $o - $p $0.00 $q - $r - $s - $t 40 $u 0 $v 0 $w 0 $x 0 $y .i10932197 $z 05-16-01 $h 0 $2 0 $3 0 $k   -  -   $4   -  -  
947 00 $a LTI060707
979    $a Pbook
998    $a bk $b 2001-03-23 $c m $d a $e - $f eng $g xx  $h 0 $i 0
999    $a 8 $b 33086000981845 $c 1 $e Status: on shelf $f 20200612 $g 8 $h Suppress: 0 $j 822 B471b $r TOT_CHECKOUT: 0

