01189cam a2200337 i 4500
001 9952167516201401
005 20220810152627.0
008 841116s1942    nyu||||||d   |000 0|eng|d
010    $a 42023368
020    $c 21/-
035    $a 22041
035    $a (Mills)RLINCMCG84-B3274
035    $a (MillsTIND)65539
040    $a COMC $c COMC
092    $a 428 $b P275u
100 1  $a Partridge, Eric, $d 1894-1979.
245 10 $a Usage and abusage: $b a guide to good English / $c by Eric Partridge.
250    $a 1st ed.
260    $a New York : $b Harper, $c c1942.
300    $a 369 p. $c 21 cm.
650  0 $a English language $x Errors of usage.
650  0 $a English language $v Dictionaries.
650  0 $a English language $x Grammar.
907    $a .b10728600 $b 2007-10-29 $c 2001-05-16
909 CO $o oai:mills.tind.io:65539 $p GLOBAL_SET
913    $a BIB
945    $b   -  -   $e   -  -   $f 0 $g 1 $i 33086000320648 $j 0 $l bknf  $o - $p $0.00 $q - $r - $s - $t 40 $u 0 $v 0 $w 0 $x 0 $y .i10879511 $z 05-16-01 $h 0 $2 0 $3 0 $k   -  -   $4   -  -  
947 00 $a LTI060707
979    $a Pbook
998    $a bk $b 2001-03-23 $c m $d a $e - $f eng $g nyu $h 0 $i 0
999    $a 8 $b 33086000320648 $c 1 $e Status: on shelf $f 20200612 $g 8 $h Suppress: 0 $j 428 P275u $r TOT_CHECKOUT: 0

