01149cam a2200313I  4500
001 9952167698701401
005 20220810152644.0
008 750801s1920    nyu           000 0 eng  
010    $a 20001240
035    $a 85231
035    $a (Mills)ocm01497451 
035    $a (MillsTIND)69536
040    $a DLC $c JPL $d OCL $d MIQ
049    $a MIQA
050 0  $a PR6003.E6 $b S3 1920
092    $a 822 $b B471s
100 1  $a Bennett, Arnold, $d 1867-1931.
245 10 $a Sacred and profane love; $b a play in three acts, founded on the novel of the same name, $c by Arnold Bennett ...
260    $a New York, $b George H. Doran Company $c [c1920]
300    $a v, 7-128 p. $c 20 cm.
907    $a .b10772625 $b 2007-06-12 $c 2001-05-16
909 CO $o oai:mills.tind.io:69536 $p GLOBAL_SET
910    $a rcp13
913    $a BIB
945    $b   -  -   $e   -  -   $f 0 $g 1 $i 33086000981928 $j 0 $l bknf  $o - $p $0.00 $q - $r - $s - $t 40 $u 0 $v 0 $w 0 $x 0 $y .i10932458 $z 05-16-01 $h 0 $2 0 $3 0 $k   -  -   $4   -  -  
947 00 $a LTI060707
979    $a Pbook
998    $a bk $b 2001-03-23 $c m $d a $e - $f eng $g nyu $h 0 $i 0
999    $a 8 $b 33086000981928 $c 1 $e Status: on shelf $f 20200612 $g 8 $h Suppress: 0 $j 822 B471s $r TOT_CHECKOUT: 0

