01169cam a2200325I  4500
001 9952167835801401
005 20220810152730.0
008 720725s1914    nyu           000 0 engm 
010    $a 14018746
035    $a 85182
035    $a (Mills)ocm00364763 
035    $a (MillsTIND)69393
040    $a DLC $c WSU $d SER $d m.c. $d OCL $d MIQ
049    $a MIQA $c 126784
050 0  $a PR4074 $b .H3
092    $a 822 $b B275h
100 1  $a Barrie, J. M. $q (James Matthew), $d 1860-1937.
245 10 $a Half hours, $c by J. M. Barrie.
260    $a New York, $b C. Scribner's Sons, $c 1914.
300    $a 4 p. l., 3-207 p. $c 20 cm.
505 0  $a Pantaloon.--The twelve-pound look.--Rosalind.--The will.
907    $a .b10771062 $b 2007-06-12 $c 2001-05-16
909 CO $o oai:mills.tind.io:69393 $p GLOBAL_SET
910    $a rcp13
913    $a BIB
945    $b   -  -   $e   -  -   $f 0 $g 1 $i 33086000981324 $j 0 $l bknf  $o - $p $0.00 $q - $r - $s - $t 40 $u 0 $v 0 $w 0 $x 0 $y .i1093022x $z 05-16-01 $h 0 $2 0 $3 0 $k   -  -   $4   -  -  
947 00 $a LTI060707
979    $a Pbook
998    $a bk $b 2001-03-23 $c m $d a $e - $f eng $g nyu $h 0 $i 0
999    $a 8 $b 33086000981324 $c 1 $e Status: on shelf $f 20200612 $g 8 $h Suppress: 0 $j 822 B275h $r TOT_CHECKOUT: 0

