01197nam a22003371  4500
001 9952168872201401
005 20220810141544.0
008 860312s1967    mau      b    000 0 eng  
010    $a 67000920
035    $a 27671
035    $a (Mills)RLINCMCG86-B974
035    $a (MillsTIND)82281
050 0  $a PE26 $b .C5
082    $a 420
092    $a 420 $b C494e
100 1  $a Chatman, Seymour Benjamin, $d 1928-
245 10 $a Essays on the language of literature, $c edited by Seymour Chatman [and] Samuel R. Levin.
260    $a Boston, $b Houghton Mifflin $c [1967]
300    $a viii, 450 p. $c 25 cm.
504    $a Bibliographical footnotes.
650  0 $a English philology.
650  0 $a Philology.
700 1  $a Levin, Samuel R.
907    $a .b10909175 $b 2007-10-29 $c 2001-05-16
909 CO $o oai:mills.tind.io:82281 $p GLOBAL_SET
913    $a BIB
945    $b   -  -   $e   -  -   $f 0 $g 1 $i 33086000377036 $j 0 $l bknf  $o - $p $0.00 $q - $r - $s - $t 40 $u 0 $v 0 $w 0 $x 0 $y .i11108629 $z 05-16-01 $h 0 $2 0 $3 0 $k   -  -   $4   -  -  
947 00 $a LTI060707
979    $a Pbook
998    $a bk $b 2001-03-23 $c m $d a $e - $f eng $g mau $h 0 $i 0
999    $a 8 $b 33086000377036 $c 1 $e Status: on shelf $f 20200612 $g 8 $h Suppress: 0 $j 420 C494e $r TOT_CHECKOUT: 0

