01672nam a2200373   4500
001 9952168956101401
005 20220810142232.0
008 860321s1954    ilu      b    000 0 eng d
010    $a 54011977
035    $a 27931
035    $a (Mills)RLINCMCG86-B1236
035    $a (MillsTIND)83017
040    $d IaU $d COMC
092    $a 401 $b H719L
100 1  $a Hoijer, Harry, $d 1904-
245 10 $a Language in culture; $b conference on the interrelations of language and other aspects of culture. $c With papers by Franklin Fearing [and others.
260    $a Chicago] $b University of Chicago Press $c [1954]
300    $a xi, 286 p. $c 25 cm.
440  0 $a Comparative studies of cultures and civilizations
500    $a "The conference was held in Chicago from March 23 to 27, 1953, inclusive, under the sponsorship of the Department of Anthropology, University of Chicago."
500    $a "Also published as Memoir no. 79 of the American Anthropological Association."
504    $a Includes bibliographies.
650  0 $a Language and languages.
650  0 $a Meaning (Psychology)
700 1  $a Fearing, Franklin, $d 1892-
710 2  $a University of Chicago. $b Dept. of Anthropology.
907    $a .b10917135 $b 2007-10-29 $c 2001-05-16
909 CO $o oai:mills.tind.io:83017 $p GLOBAL_SET
913    $a BIB
945    $a 401  H719L $b   -  -   $e   -  -   $f 0 $g 1 $i 33086000379636 $j 0 $l bknf  $o - $p $0.00 $q - $r - $s - $t 40 $u 0 $v 0 $w 0 $x 0 $y .i1111776x $z 05-16-01 $h 0 $2 0 $3 0 $k   -  -   $4   -  -  
947 00 $a LTI060707
979    $a Pbook
998    $a bk $b 2001-03-23 $c m $d a $e - $f eng $g ilu $h 0 $i 0
999    $a 8 $b 33086000379636 $c 1 $e Status: on shelf $f 20200612 $g 8 $h Suppress: 0 $i 401  H719L $j 401 H719L $r TOT_CHECKOUT: 0

