01349nam a2200337   4500
001 9952168956701401
005 20220810142237.0
008 860321s1970    ilua          001 0 eng  
010    $a 70137819//r73
020    $a 0252001729
035    $a 27929
035    $a (Mills)RLINCMCG86-B1234
035    $a (MillsTIND)83011
040    $a COMC $c COMC
050 0  $a BF455 $b .M76 1970
082    $a 401.9
092    $a 401.9 $b M889b
100 1  $a Morton, John, $d 1933-
245 10 $a Biological and social factors in psycholinguistics. $c Edited by John Morton.
260    $a Urbana, $b University of Illinois Press $c [1970]
300    $a 215 p. $b illus. $c 22 cm.
500    $a Includes a paper delivered at the 2d International Congress of Applied linguistics and an expanded version of papers delivered at the 19th International Congress of Psychology.
650  0 $a Psycholinguistics.
907    $a .b1091707x $b 2007-10-29 $c 2001-05-16
909 CO $o oai:mills.tind.io:83011 $p GLOBAL_SET
913    $a BIB
945    $b   -  -   $e   -  -   $f 0 $g 1 $i 33086000379610 $j 0 $l bknf  $o - $p $0.00 $q - $r - $s - $t 40 $u 0 $v 0 $w 0 $x 0 $y .i11117667 $z 05-16-01 $h 0 $2 0 $3 0 $k   -  -   $4   -  -  
947 00 $a LTI060707
979    $a Pbook
998    $a bk $b 2001-03-23 $c m $d a $e - $f eng $g ilu $h 0 $i 0
999    $a 8 $b 33086000379610 $c 1 $e Status: on shelf $f 20200612 $g 8 $h Suppress: 0 $j 401.9 M889b $r TOT_CHECKOUT: 0

