01171nam a22003371  4500
001 9952169019401401
005 20220810142303.0
008 860310r19551942nyua          000 0 eng  
010    $a 56013531/L/r83
035    $a 27579
035    $a (Mills)RLINCMCG86-B879
035    $a (MillsTIND)82016
040    $d COMC
050 0  $a P105 $b .S27 1955
082    $a 400
092    $a 400 $b S338g
100 1  $a Schlauch, Margaret, $d 1898-
245 14 $a The gift of language.
246 3  $a Gift of tongues
260    $a New York, $b Dover Publications $c [1955]
300    $a 342 p. $b illus. $c 22 cm.
500    $a First published in 1942 under title: The gift of tongues.
650  0 $a Language and languages.
907    $a .b10906332 $b 2007-10-29 $c 2001-05-16
909 CO $o oai:mills.tind.io:82016 $p GLOBAL_SET
913    $a BIB
945    $b   -  -   $e   -  -   $f 0 $g 1 $i 33086000376111 $j 0 $l bknf  $o - $p $0.00 $q - $r - $s - $t 40 $u 0 $v 0 $w 0 $x 0 $y .i11104934 $z 05-16-01 $h 0 $2 0 $3 0 $k   -  -   $4   -  -  
947 00 $a LTI060707
979    $a Pbook
998    $a bk $b 2001-03-23 $c m $d a $e - $f eng $g nyu $h 4 $i 0
999    $a 8 $b 33086000376111 $c 1 $e Status: on shelf $f 20200612 $g 8 $h Suppress: 0 $j 400 S338g $r TOT_CHECKOUT: 0

