01337nam a22003371  4500
001 9952169065801401
005 20220810142303.0
008 860422s1961    nyu           000 0 eng  
010    $a 61013519/L
035    $a 28577
035    $a (Mills)RLINCMCG86-B1888
035    $a (MillsTIND)84884
040    $a DLC $c DLC $d NNU
050  4 $a PE1066 $b .P6
082    $a 420.7
092    $a 420.7 $b P858t
100 1  $a Postman, Neil.
245 10 $a Television and the teaching of English, $c by Neil Postman and the Committee on the Study of Television of the National Council of Teachers of English.
260    $a New York, $b Appleton-Century-Crofts $c [1961]
300    $a 138 p. $c 22 cm.
650  0 $a English language $x Study and teaching.
650  0 $a Television in education.
710 2  $a National Council of Teachers of English. $b Committee on the Study of Television.
907    $a .b10937092 $b 2007-10-29 $c 2001-05-16
909 CO $o oai:mills.tind.io:84884 $p GLOBAL_SET
913    $a BIB
945    $b   -  -   $e   -  -   $f 0 $g 1 $i 33086000386094 $j 0 $l bknf  $o - $p $0.00 $q - $r - $s - $t 40 $u 0 $v 0 $w 0 $x 0 $y .i11142844 $z 05-16-01 $h 0 $2 0 $3 0 $k   -  -   $4   -  -  
947 00 $a LTI060707
979    $a Pbook
998    $a bk $b 2001-03-23 $c m $d a $e - $f eng $g nyu $h 0 $i 0
999    $a 8 $b 33086000386094 $c 1 $e Status: on shelf $f 20200612 $g 8 $h Suppress: 0 $j 420.7 P858t $r TOT_CHECKOUT: 0

