01224nam a2200301 i 4500
001 9952169131601401
005 20220810142324.0
008 860404s1935    mau      b    001 0 eng d
010    $a 35017938
035    $a 28196
035    $a (Mills)RLINCMCG86-B1505
035    $a (MillsTIND)83777
040    $d NBiSU $d COMC
092    $a 420 $b K35c
100 1  $a Kennedy, Arthur Garfield, $d 1880-1954.
245 10 $a Current English : $b a study of present-day usages and tendencies, including pronunciation, spelling, grammatical practice, word-coining, and the shifting of meanings / $c by Arthur G. Kennedy.
260    $a Boston : $b Ginn, $c 1935.
300    $a xiii, 737 p. : $b facsim. ; $c 22 cm.
504    $a Bibliography: p. 619-648.
650  0 $a English language.
907    $a .b10925144 $b 2007-10-29 $c 2001-05-16
909 CO $o oai:mills.tind.io:83777 $p GLOBAL_SET
913    $a BIB
945    $b   -  -   $e   -  -   $f 0 $g 1 $i 33086000382283 $j 0 $l bknf  $o - $p $0.00 $q - $r - $s - $t 40 $u 0 $v 0 $w 0 $x 0 $y .i11127211 $z 05-16-01 $h 0 $2 0 $3 0 $k   -  -   $4   -  -  
947 00 $a LTI060707
979    $a Pbook
998    $a bk $b 2001-03-23 $c m $d a $e - $f eng $g mau $h 0 $i 0
999    $a 8 $b 33086000382283 $c 1 $e Status: on shelf $f 20200612 $g 8 $h Suppress: 0 $j 420 K35c $r TOT_CHECKOUT: 0

