01431nam a2200337   4500
001 9952169132801401
005 20220810142318.0
008 860404s1947    mauach        000 0deng  
010    $a 47011347
035    $a 28192
035    $a (Mills)RLINCMCG86-B1500
035    $a (MillsTIND)83771
040    $c CU-BANC
050 0  $a PE1617.W4 $b L4
082    $a 423
092    $a 423 $b W382XL
100 1  $a Leavitt, Robert Keith, $d b. 1895.
245 10 $a Noah's ark, New England Yankees, and the endless quest; $b a short history of the original Webster dictionaries, with particular reference to their first hundred years as publications of G. & C. Merriam Company.
260    $a Springfield, Mass., $b [G. & C. Merriam Co.] $c 1947.
300    $a [5] l, [3]-106 p. $b illus., ports., facsims. $c 26 cm.
600 10 $a Webster, Noah, $d 1758-1843.
600 10 $a Webster, Noah, $d 1758-1843. $t American dictionary of the English language.
610 20 $a G. & C. Merriam Company.
907    $a .b10925077 $b 2007-10-29 $c 2001-05-16
909 CO $o oai:mills.tind.io:83771 $p GLOBAL_SET
913    $a BIB
945    $b   -  -   $e   -  -   $f 0 $g 1 $i 33086000382242 $j 0 $l bknf  $o - $p $0.00 $q - $r - $s - $t 40 $u 0 $v 0 $w 0 $x 0 $y .i11127107 $z 05-16-01 $h 0 $2 0 $3 0 $k   -  -   $4   -  -  
947 00 $a LTI060707
979    $a Pbook
998    $a bk $b 2001-03-23 $c m $d a $e - $f eng $g mau $h 0 $i 0
999    $a 8 $b 33086000382242 $c 1 $e Status: on shelf $f 20200612 $g 8 $h Suppress: 0 $j 423 W382XL $r TOT_CHECKOUT: 0

