01489cam a2200385   4500
001 9952169224501401
005 20220810142343.0
008 860403s1972    cau      b    001 0 eng  
010    $a 71630201
020    $a 0520018354
035    $a 28146
035    $a (Mills)RLINCMCG86-B1454
035    $a (MillsTIND)83641
040    $d COMC
050 0  $a PE553 $b .W6 1972
082    $a 421/.5
092    $a 421.5 $b W855L
100 1  $a Wolfe, Patricia M.
245 10 $a Linguistic change and the great vowel shift in English $c [by] Patricia M. Wolfe.
260    $a Berkeley, $b University of California Press, $c 1972.
300    $a x, 198 p. $c 25 cm.
500    $a A revision of the author's thesis, University of California at Los Angeles.
504    $a Bibliography: p. 181-189.
650  0 $a English language $y Middle English, 1100-1500 $x Vowels.
650  0 $a English language $x Phonology, Historical.
650  0 $a English language $x Grammar, Generative.
650  0 $a Linguistic change.
907    $a .b10923718 $b 2007-10-29 $c 2001-05-16
909 CO $o oai:mills.tind.io:83641 $p GLOBAL_SET
913    $a BIB
945    $a 421.5  W855L $b   -  -   $e   -  -   $f 0 $g 1 $i 33086000381780 $j 0 $l bknf  $o - $p $0.00 $q - $r - $s - $t 40 $u 0 $v 0 $w 0 $x 0 $y .i11125615 $z 05-16-01 $h 0 $2 0 $3 0 $k   -  -   $4   -  -  
947 00 $a LTI060707
979    $a Pbook
998    $a bk $b 2001-03-23 $c m $d a $e - $f eng $g cau $h 0 $i 0
999    $a 8 $b 33086000381780 $c 1 $e Status: on shelf $f 20200612 $g 8 $h Suppress: 0 $i 421.5  W855L $j 421.5 W855L $r TOT_CHECKOUT: 0

