01259nam a2200337 a 4500
001 9952169291301401
005 20220810142403.0
008 860417s1931    mau      b    001 0 eng d
010    $a 31034687
035    $a 28466
035    $a (Mills)RLINCMCG86-B1777
035    $a (MillsTIND)84567
040    $a NvU $c NvU
092    $a 422.4 $b J66L
100 1  $a Johnson, Edwin Lee.
245 10 $a Latin words of common English / $c by Edwin Lee Johnson.
260    $a Boston, MA : $b D.C. Heath, $c c1931.
300    $a viii, 327 p. ; $c 19 cm.
500    $a Includes indexes.
504    $a Bibliography: p. 291-293.
650  0 $a English language $x Foreign words and phrases $x Latin.
650  0 $a Latin language $x Word formation.
650  0 $a English language $x Etymology.
907    $a .b10933591 $b 2007-10-29 $c 2001-05-16
909 CO $o oai:mills.tind.io:84567 $p GLOBAL_SET
913    $a BIB
945    $a 422.4  J66L $b   -  -   $e   -  -   $f 0 $g 1 $i 33086000384982 $j 0 $l bknf  $o - $p $0.00 $q - $r - $s - $t 40 $u 0 $v 0 $w 0 $x 0 $y .i11137939 $z 05-16-01 $h 0 $2 0 $3 0 $k   -  -   $4   -  -  
947 00 $a LTI060707
979    $a Pbook
998    $a bk $b 2001-03-23 $c m $d a $e - $f eng $g mau $h 0 $i 0
999    $a 8 $b 33086000384982 $c 1 $e Status: on shelf $f 20200612 $g 8 $h Suppress: 0 $i 422.4  J66L $j 422.4 J66L $r TOT_CHECKOUT: 0

