01635nam a2200373|  4500
001 9952169501801401
005 20220810143157.0
008 891013m18881889enkb     b    001 0 eng c
010    $a a  12000312
035    $a 98173
035    $a (Mills)RLINCMCG89-B5929
035    $a (MillsTIND)106864
040    $a Chicago. Univ. Library $c ICIU $d ICIU $d FTaSU $d CStRLIN
043    $a e-uk---
050 0  $a DA332 $b .G24
092    $a 942.052 $b G249h
100 1  $a Gasquet, Francis Aidan, $d 1846-1929.
245 10 $a Henry VIII and the English monasteries; $b an attempt to illustrate the history of their suppression.
260    $a London, $b J. Hodges, $c 1888-89.
300    $a 2 v. $b fold. maps. $c 23 cm.
440  0 $a Catholic standard library
650  0 $a Monasticism and religious orders $z Great Britain.
650  0 $a Church and state $z Great Britain.
650  0 $a Secularization.
907    $a .b11174493 $b 2007-10-30 $c 2001-05-16
909 CO $o oai:mills.tind.io:106864 $p GLOBAL_SET
913    $a BIB
945    $b   -  -   $c v.1 $e   -  -   $f 0 $g 1 $i 33086002133585 $j 0 $l bknf  $o - $p $0.00 $q - $r - $s - $t 40 $u 0 $v 0 $w 0 $x 0 $y .i11432226 $z 05-16-01 $h 0 $2 0 $3 0 $k   -  -   $4   -  -  
945    $b   -  -   $c v.2 $e   -  -   $f 0 $g 1 $i 33086001693456 $j 0 $l bknf  $o - $p $0.00 $q - $r - $s - $t 40 $u 0 $v 0 $w 0 $x 0 $y .i11432238 $z 05-16-01 $h 0 $2 0 $3 0 $k   -  -   $4   -  -  
947 00 $a LTI060707
979    $a Pbook
998    $a bk $b 2001-03-23 $c m $d a $e - $f eng $g enk $h 0 $i 0
999    $a 8 $b 33086002133585 $c 1 $d v.1 $e Status: on shelf $f 20200612 $g 8 $h Suppress: 0 $j 942.052 G249h $r TOT_CHECKOUT: 0
999    $a 8 $b 33086001693456 $c 1 $d v.2 $e Status: on shelf $f 20200612 $g 8 $h Suppress: 0 $j 942.052 G249h $r TOT_CHECKOUT: 0

