01279nam a2200349u  4500
001 9952170080801401
005 20220810144107.0
008 920123s1960    mau           000 0aeng  
035    $a 162546
035    $a (Mills)RLINCMCG92-B188
035    $a (MillsTIND)114283
040    $c CarP $d CStRLIN
050 0  $a D137 $b .J9 1960
092    $a 943.01 $b J82m 1960
100 0  $a Jordanes, $d 6th cent.
240 00 $a Getica. $l English
245 14 $a The Gothic history of Jordanes in English version,
260    $a Cambridge, $b Speculum Historiale; $a New York, $b Barnes & Noble $c [1960]
300    $a 188 p. $c 22 cm.
600 00 $a Attila, $d d. 453.
650  0 $a Goths.
650  0 $a Germanic peoples.
700 0  $a Cassiodorus, $c Senator, $d ca. 487-ca. 580.
700 1  $a Mierow, Charles Christopher, $d b. 1883.
907    $a .b11252923 $b 2007-10-30 $c 2001-05-16
909 CO $o oai:mills.tind.io:114283 $p GLOBAL_SET
913    $a BIB
945    $b   -  -   $e   -  -   $f 0 $g 1 $i 33086001871953 $j 0 $l bknf  $o - $p $0.00 $q - $r - $s - $t 40 $u 0 $v 0 $w 0 $x 0 $y .i11538703 $z 05-16-01 $h 0 $2 0 $3 0 $k   -  -   $4   -  -  
947 00 $a LTI060707
979    $a Pbook
998    $a bk $b 2001-03-23 $c m $d a $e - $f eng $g mau $h 4 $i 0
999    $a 8 $b 33086001871953 $c 1 $e Status: on shelf $f 20200612 $g 8 $h Suppress: 0 $j 943.01 J82m 1960 $r TOT_CHECKOUT: 0

