01415cam a2200373I  4500
001 9952170497501401
005 20220810144231.0
008 720907s1953    enkc     b    000 0deng  
010    $a 53000732
015    $a GB52-16918
035    $a 287948
035    $a (Mills)ocm00400339 
035    $a (MillsTIND)117764
040    $a DLC $c WSU $d SER $d UKM $d MIQ
049    $a MIQA
050 0  $a DA562 $b .C49
082    $a 942.081
092    $a 942.081 $b V645a 1953
100 1  $a Cecil, Algernon, $d 1879-1953.
245 10 $a Queen Victoria and her prime ministers / $c by Algernon Cecil.
260    $a London : $b Eyre & Spottiswoode, $c 1953.
300    $a vii, 356 p. : $b ports. ; $c 23 cm.
504    $a Bibliographical footnotes.
600 00 $a Victoria, $c Queen of Great Britain, $d 1819-1901.
650  0 $a Prime ministers $z Great Britain.
651  0 $a Great Britain $x Politics and government $y 1837-1901.
907    $a .b11290213 $b 2007-06-12 $c 2001-05-17
909 CO $o oai:mills.tind.io:117764 $p GLOBAL_SET
913    $a BIB
945    $b   -  -   $d LEE $e   -  -   $f 0 $g 1 $i 33086003928538 $j 0 $l bknf  $o - $p $0.00 $q - $r - $s - $t 40 $u 0 $v 0 $w 0 $x 0 $y .i11584129 $z 05-17-01 $h 0 $2 0 $3 0 $k   -  -   $4   -  -   $6 GIFT
947 00 $a LTI060707
979    $a Pbook
998    $a bk $b 2001-03-23 $c m $d a $e - $f eng $g enk $h 0 $i 0
999    $a 8 $b 33086003928538 $c 1 $e Status: on shelf $f 20200612 $g 8 $h Suppress: 0 $j 942.081 V645a 1953 $r TOT_CHECKOUT: 0 $s Donor: LEE| Requestor: GIFT

