01426nam a2200373   4500
001 9952170720001401
005 20220810144930.0
008 890203s1973    nyua     d    000 0 eng  
010    $a 70127941//r862
035    $a 41311
035    $a (Mills)RLINCMCG89-B536
035    $a (MillsTIND)119324
040    $d CStRLIN
043    $a e-uk---
050 0  $a PE1704 $b .S4 1973
082    $a 423/.1
092    $a 423.1 $b S394b
100 1  $a Schur, Norman W.
245 10 $a British self-taught: with comments in American, $c by Norman W. Schur.
260    $a New York, $b Macmillan $c [1973]
300    $a xxxi, 438 p. $b illus. $c 22 cm.
500    $a Later ed. published as: English English. c1980.
650  0 $a English language $z Great Britain $v Glossaries, vocabularies, etc.
650  0 $a English language $z Great Britain $v Terms and phrases.
650  0 $a English language $v Glossaries, vocabularies, etc.
650  0 $a English language $v Terms and phrases.
907    $a .b11307304 $b 2007-10-29 $c 2001-05-17
909 CO $o oai:mills.tind.io:119324 $p GLOBAL_SET
913    $a BIB
945    $b   -  -   $e   -  -   $f 0 $g 1 $i 33086000514117 $j 0 $l bknf  $o - $p $0.00 $q - $r - $s - $t 40 $u 0 $v 0 $w 0 $x 0 $y .i11601851 $z 05-17-01 $h 0 $2 0 $3 0 $k   -  -   $4   -  -  
947 00 $a LTI060707
979    $a Pbook
998    $a bk $b 2001-03-23 $c m $d a $e - $f eng $g nyu $h 0 $i 0
999    $a 8 $b 33086000514117 $c 1 $e Status: on shelf $f 20200612 $g 8 $h Suppress: 0 $j 423.1 S394b $r TOT_CHECKOUT: 0

