01331cam a22003371  4500
001 9952171185901401
005 20220810145919.0
008 781211s1967    at            000 0 eng  
010    $a 67013257
015    $a Aus67-945
020    $c $4.50 Aust.
035    $a 43636
035    $a (Mills)RLINCMCG9039082-B
035    $a (MillsTIND)124831
043    $a e-uk---
050 0  $a DA550 $b .K57 1967
082    $a 942.081
092    $a 942.081 $b K62e
100 1  $a Kitson Clark, G. S. R. $q (George Sidney Roberts), $d 1900-1975.
245 13 $a An expanding society; Britain 1830-1900 $c [by] G. S. R. Kitson Clark.
260    $a [Callton, Melbourne] $b Melbourne University Press; $a London, $a New York, $b Cambridge University Press $c [1967]
300    $a xv, 188 p. $c 23 cm.
651  0 $a Great Britain $x Politics and government $y 1837-1901.
907    $a .b11365730 $b 2007-10-11 $c 2001-05-17
909 CO $o oai:mills.tind.io:124831 $p GLOBAL_SET
913    $a BIB
945    $a 942.081 K62e $b   -  -   $e   -  -   $f 0 $g 1 $i 33086000537530 $j 0 $l bknf  $o - $p $0.00 $q - $r - $s - $t 40 $u 0 $v 0 $w 0 $x 0 $y .i11672857 $z 05-17-01 $h 0 $2 0 $3 0 $k   -  -   $4   -  -  
947 00 $a LTI060707
979    $a Pbook
998    $a bk $b 2001-03-23 $c m $d a $e - $f eng $g at  $h 3 $i 0
999    $a 8 $b 33086000537530 $c 1 $e Status: on shelf $f 20200612 $g 8 $h Suppress: 0 $i 942.081 K62e $j 942.081 K62e $r TOT_CHECKOUT: 0

