01369cam a2200385 i 4500
001 9952171189001401
005 20220810145925.0
008 790118s1976    enk      b    001 0 eng  
010    $a 76364824
015    $a GB***
020    $a 058235160X : $c L.1.35
035    $a 43821
035    $a (Mills)RLINCMCG9386220-B
035    $a (MillsTIND)125268
043    $a e-uk---
050 0  $a DA445 $b .T48
082    $a 941.06/6
092    $a 942.066 $b T447r
100 1  $a Thirsk, Joan.
245 14 $a The restoration / $c Joan Thirsk.
260    $a London : $b Longman, $c 1976.
300    $a xxiv, 205 p. ; $c 22 cm.
440  0 $a Problems and perspectives in history
500    $a Includes index.
504    $a Bibliography: p. 201.
651  0 $a Great Britain $x History $y Restoration, 1660-1688 $v Sources.
651  0 $a Great Britain $x History $y Restoration, 1660-1688.
907    $a .b11370403 $b 2007-10-11 $c 2001-05-17
909 CO $o oai:mills.tind.io:125268 $p GLOBAL_SET
913    $a BIB
945    $a 942.066 T447r $b   -  -   $e   -  -   $f 0 $g 1 $i 33086000068163 $j 0 $l bknf  $o - $p $0.00 $q - $r - $s - $t 40 $u 0 $v 0 $w 0 $x 0 $y .i11677958 $z 05-17-01 $h 0 $2 0 $3 0 $k   -  -   $4   -  -  
947 00 $a LTI060707
979    $a Pbook
998    $a bk $b 2001-03-23 $c m $d a $e - $f eng $g enk $h 4 $i 0
999    $a 8 $b 33086000068163 $c 1 $e Status: on shelf $f 20200612 $g 8 $h Suppress: 0 $i 942.066 T447r $j 942.066 T447r $r TOT_CHECKOUT: 0

