01142nam a2200289|i 4500
001 9952171647901401
005 20220810150026.0
008 860611s1919    nyu      b    001 0 eng d
035    $a 29509
035    $a (Mills)RLINCMCG86-B2827
035    $a (MillsTIND)87558
040    $a COMC $c COMC
092    $a 421.54 $b K89p
100 1  $a Krapp, George Philip, $d 1872-1934.
245 14 $a The pronunciation of standard English in America / $c by George Philip Krapp.
260    $a New York : $b Oxford University Press, $c 1919.
300    $a xv, 235 p. ; $c 21 cm.
504    $a "Bibliographical note": p. 149-150.
650  0 $a English language $z United States.
650  0 $a English language $x Pronunciation.
907    $a .b10966675 $b 2007-10-29 $c 2001-05-16
909 CO $o oai:mills.tind.io:87558 $p GLOBAL_SET
913    $a BIB
945    $b   -  -   $e   -  -   $f 0 $g 1 $i 33086000395418 $j 0 $l bknf  $o - $p $0.00 $q - $r - $s - $t 40 $u 0 $v 0 $w 0 $x 0 $y .i1117870x $z 05-16-01 $h 0 $2 0 $3 0 $k   -  -   $4   -  -  
979    $a Pbook
998    $a bk $b 2001-03-23 $c m $d a $e - $f eng $g nyu $h 4 $i 1
999    $a 8 $b 33086000395418 $c 1 $e Status: on shelf $f 20200612 $g 8 $h Suppress: 0 $j 421.54 K89p $r TOT_CHECKOUT: 0

