01542nam a2200409 i 4500
001 9952171751901401
005 20220810150839.0
008 910425s1978    nyuac    b    001 0 eng  
010    $a 77076834 //r86
020    $a 0195022580 : $c $12.95
035    $a 153056
035    $a (Mills)RLINCMCG91-B1221
035    $a (MillsTIND)87055
040    $d COMC
043    $a e-gx---
050 0  $a DD67 $b .G36
082    $a 943/.004/924
092    $a 943.004 $b G285f 1978
100 1  $a Gay, Peter, $d 1923-2015.
245 10 $a Freud, Jews, and other Germans : $b masters and victims in modernist culture / $c Peter Gay.
260    $a New York : $b Oxford University Press, $c 1978.
300    $a xx, 289 p. : $b ill.;ports. $c 22 cm.
504    $a Includes bibliographical references and index.
600 10 $a Freud, Sigmund, $d 1856-1939.
600 10 $a Brahms, Johannes, $d 1833-1897.
600 10 $a Hanslick, Eduard, $d 1825-1904.
650  0 $a Jews $z Germany $x Intellectual life.
651  0 $a Germany $x Intellectual life.
651  0 $a Germany $x Civilization $x Jewish influences.
907    $a .b1096115x $b 2018-08-01 $c 2001-05-16
909 CO $o oai:mills.tind.io:87055 $p GLOBAL_SET
913    $a BIB
945    $b   -  -   $e   -  -   $f 0 $g 1 $i 33086001679158 $j 0 $l bknf  $o - $p $0.00 $q - $r - $s - $t 40 $u 0 $v 0 $w 0 $x 0 $y .i11172307 $z 05-16-01 $h 0 $2 0 $3 0 $k   -  -   $4   -  -  
947 00 $a LTI060707
979    $a Pbook
998    $a bk $b 2001-03-23 $c m $d a $e - $f eng $g nyu $h 0 $i 0
999    $a 8 $b 33086001679158 $c 1 $e Status: on shelf $f 20200612 $g 8 $h Suppress: 0 $j 943.004 G285f 1978 $r TOT_CHECKOUT: 0

