01191nam a2200301   4500
001 9952171765001401
005 20220810150840.0
008 910311s1955    wlkabch       000 0 eng d
035    $a 154360
035    $a (Mills)RLINCMCG91-B802
035    $a (MillsTIND)90913
040    $a MiU $c MiU $d COMC
092    $a 942.9 $b W722r 1955
100 1  $a Williams, David, $d 1900-
245 14 $a The Rebecca riots; $b a study in agrarian discontent.
260    $a Cardiff, $b University of Wales Press, $c 1955.
300    $a viii, 377 p. $b illus., port., maps, facsims. $c 23 cm.
504    $a Bibliography: p. 294-296.
504    $a "Notes" (p. 297-361) are bibliographical.
650  0 $a Rebecca Riots, 1839-1844.
651  0 $a Wales $x History $y 19th century.
907    $a .b11002864 $b 2007-10-30 $c 2001-05-16
909 CO $o oai:mills.tind.io:90913 $p GLOBAL_SET
913    $a BIB
945    $b   -  -   $e   -  -   $f 0 $g 1 $i 33086001658293 $j 0 $l bknf  $o - $p $0.00 $q - $r - $s - $t 40 $u 0 $v 0 $w 0 $x 0 $y .i11219440 $z 05-16-01 $h 0 $2 0 $3 0 $k   -  -   $4   -  -  
979    $a Pbook
998    $a bk $b 2001-03-23 $c m $d a $e - $f eng $g wlk $h 4 $i 1
999    $a 8 $b 33086001658293 $c 1 $e Status: on shelf $f 20200612 $g 8 $h Suppress: 0 $j 942.9 W722r 1955 $r TOT_CHECKOUT: 0

