01218nam a22003131  4500
001 9952171888601401
005 20220810150923.0
008 860813s1952    nyua          000 0 eng d
010    $a 52007972/L
035    $a 30172
035    $a (Mills)RLINCMCG86-B3494
035    $a (MillsTIND)89506
040    $d IaU $d COMC
050 0  $a PC3823. $b G54 1952
082    $a 449.95
092    $a 449.9 $b G474i 1952
100 1  $a Gili, Joan.
245 10 $a Introductory Catalan grammar,: $b with a brief outline of the language and literature, a selection from Catalan Writers, and a vocabulary.
250    $a 2d ed., completely rev. and enl.
260    $a New York, : $b Hafner Pub. Co., ; $c 1952.
300    $a l89 p. : $b illus., ; $c 22 cm.
650  0 $a Catalan language $x Grammar.
907    $a .b10987824 $b 2007-10-29 $c 2001-05-16
909 CO $o oai:mills.tind.io:89506 $p GLOBAL_SET
913    $a BIB
945    $b   -  -   $e   -  -   $f 0 $g 1 $i 33086000402040 $j 0 $l bknf  $o - $p $0.00 $q - $r - $s - $t 40 $u 0 $v 0 $w 0 $x 0 $y .i11202191 $z 05-16-01 $h 0 $2 0 $3 0 $k   -  -   $4   -  -  
979    $a Pbook
998    $a bk $b 2001-03-23 $c m $d a $e - $f eng $g nyu $h 0 $i 1
999    $a 8 $b 33086000402040 $c 1 $e Status: on shelf $f 20200612 $g 8 $h Suppress: 0 $j 449.9 G474i 1952 $r TOT_CHECKOUT: 0

