01520nam a22003611  4500
001 9952172961501401
005 20220810141252.0
008 890822m19161918enkb     b    000 0 eng  
010    $a 16017397
035    $a 96499
035    $a (Mills)RLINCMCG89-B4278
035    $a (MillsTIND)102045
040    $c ODaWU $d NNU $d CStRLIN $d MiU
050 0  $a DD203 $b .W3
092    $a 943.07 $b W256g
100 1  $a Ward, Adolphus William, $c Sir, $d 1837-1924.
245 10 $a Germany, 1815-1890, $c by Sir Adolphus William Ward.
260    $a Cambridge, $b The University press, $c 1916-18.
300    $a 3 v. $b maps (4 fold.) $c 20 cm.
440  0 $a Cambridge historical series ; $v 8
504    $a Bibliography: v. 1, p. [549]-576; v. 2, p. [562]-578; v. 2, p. [402]-421.
505 0  $a I. 1815-1852.--II. 1852-1871.--III. 1871-1890, with two supplementary chapters: German social and intellectual life, 1850-1900; The new reign, 1890-1907.
590    $a Library has: v. 1 only
651  0 $a Germany $x History $y 1789-1900.
700 1  $a Wilkinson, Spenser, $d 1853-1937.
907    $a .b11122778 $b 2007-10-30 $c 2001-05-16
909 CO $o oai:mills.tind.io:102045 $p GLOBAL_SET
913    $a BIB
945    $b   -  -   $e   -  -   $f 0 $g 1 $i 33086002117117 $j 0 $l bknf  $o - $p $0.00 $q - $r - $s - $t 40 $u 0 $v 0 $w 0 $x 0 $y .i11360069 $z 05-16-01 $h 0 $2 0 $3 0 $k   -  -   $4   -  -  
947 00 $a LTI060707
979    $a Pbook
998    $a bk $b 2001-03-23 $c m $d a $e - $f eng $g enk $h 0 $i 0
999    $a 8 $b 33086002117117 $c 1 $e Status: on shelf $f 20200612 $g 8 $h Suppress: 0 $j 943.07 W256g $r TOT_CHECKOUT: 0

