01290cam a2200361I  4500
001 9952173998501401
005 20220810164459.0
008 741206c19491948nyuab         000 0 eng  
010    $a 49008129
035    $a 111611
035    $a (Mills)ocm01100883 
035    $a (MillsTIND)135885
040    $a DLC $c IRU $d OCL $d MIQ
049    $a MIQA
050 0  $a DU510 $b .G45 1949
082    $a 919.6
092    $a 919.6 $b G438o
100 1  $a Gibbings, Robert, $d 1889-1958.
245 10 $a Over the reefs and far away. $c [With engravings by the author.
250    $a 1st American ed.]
260    $a New York, $b E.P. Dutton $c [1949, c1948]
300    $a 240 p. $b illus., map (on lining papers) $c 23 cm.
500    $a London ed. has title: Over the reefs.
651  0 $a Polynesia $x Social life and customs.
907    $a .b11491127 $b 2007-06-13 $c 2001-05-17
909 CO $o oai:mills.tind.io:135885 $p GLOBAL_SET
910    $a rcp20
913    $a BIB
945    $b   -  -   $e   -  -   $f 0 $g 1 $i 33086002216851 $j 0 $l bknf  $o - $p $0.00 $q - $r - $s - $t 40 $u 0 $v 0 $w 0 $x 0 $y .i11998192 $z 05-17-01 $h 0 $2 0 $3 0 $k   -  -   $4   -  -  
947 00 $a LTI060707
979    $a Pbook
998    $a bk $b 2001-03-23 $c m $d a $e - $f eng $g nyu $h 0 $i 0
999    $a 8 $b 33086002216851 $c 1 $e Status: on shelf $f 20200612 $g 8 $h Suppress: 0 $j 919.6 G438o $r TOT_CHECKOUT: 0

