01345cam a2200313I  4500
001 9952174158801401
005 20220810164542.0
008 780814s1933    nyuabce  b    000 0 eng d
035    $a 112969
035    $a (Mills)ocm04140464 
035    $a (MillsTIND)139149
040    $a APL $c APL $d OCL $d SER $d MIQ
049    $a MIQA
092    $a 942.55 $b S649s
100 1  $a Smith, H. Clifford $q (Harold Clifford), $d 1876-1960.
245 10 $a Sulgrave manor and the Washingtons; $b a history and guide to the Tudor home of George Washington's ancestors, $c by H. Clifford Smith. With a foreword by Viscount Lee of Fareham.
260    $a New York, $b Macmillan, $c 1933.
300    $a 259, [1] p. $b front., illus. (incl. map, plans, coats of arms, geneal. tab.) plates, port., facsim. $c 27 x 21 cm.
504    $a Bibliography: p. 245-247.
600 34 $a Washington family.
907    $a .b11525988 $b 2007-06-13 $c 2001-05-17
909 CO $o oai:mills.tind.io:139149 $p GLOBAL_SET
910    $a rcp20
913    $a BIB
945    $b   -  -   $e   -  -   $f 0 $g 1 $i 33086002231090 $j 0 $l bknf  $o - $p $0.00 $q - $r - $s - $t 40 $u 0 $v 0 $w 0 $x 0 $y .i1203793x $z 05-17-01 $h 0 $2 0 $3 0 $k   -  -   $4   -  -  
947 00 $a LTI060707
979    $a Pbook
998    $a bk $b 2001-03-23 $c m $d a $e - $f eng $g nyu $h 0 $i 0
999    $a 8 $b 33086002231090 $c 1 $e Status: on shelf $f 20200612 $g 8 $h Suppress: 0 $j 942.55 S649s $r TOT_CHECKOUT: 0

