01385cam a22003971  4500
001 9952174161301401
005 20220810164544.0
008 760421r1972    nyua     b    000 0 eng  
010    $a 72076661 //r84
020    $a 0698104420 $c $7.95
035    $a 112946
035    $a (Mills)ocm00466618 
035    $a (MillsTIND)139113
040    $a DLC $c DLC $d MIQ
043    $a e-uk---
049    $a MIQA
050 0  $a DA690.H2 $b M55 1972b
082    $a 914.21/795
092    $a 942.19 $b M665h
100 1  $a Minney, R. J. $q (Rubeigh James), $d 1895-1979.
245 10 $a Hampton Court $c [by] R. J. Minney.
250    $a [1st American ed.]
260    $a New York, $b Coward, McCann & Geoghegan $c [1972]
300    $a 242 p. $b illus. $c 24 cm.
504    $a Bibliography: p. 232-233.
610 20 $a Hampton Court (Richmond upon Thames, London, England)
651  0 $a Great Britain $x Kings and rulers.
907    $a .b11525599 $b 2007-06-13 $c 2001-05-17
909 CO $o oai:mills.tind.io:139113 $p GLOBAL_SET
910    $a rcp20
913    $a BIB
945    $b   -  -   $e   -  -   $f 0 $g 1 $i 33086002230860 $j 0 $l bknf  $o - $p $0.00 $q - $r - $s - $t 40 $u 0 $v 0 $w 0 $x 0 $y .i12037497 $z 05-17-01 $h 0 $2 0 $3 0 $k   -  -   $4   -  -  
947 00 $a LTI060707
979    $a Pbook
998    $a bk $b 2001-03-23 $c m $d a $e - $f eng $g nyu $h 0 $i 0
999    $a 8 $b 33086002230860 $c 1 $e Status: on shelf $f 20200612 $g 8 $h Suppress: 0 $j 942.19 M665h $r TOT_CHECKOUT: 0

