01420cam a2200385I  4500
001 9952174390101401
005 20220810164847.0
008 760227s1931    enk      b    000 0 engm 
010    $a 32006419
035    $a 113660
035    $a (Mills)ocm02016991 
035    $a (MillsTIND)140272
040    $a DLC $c CIN $d IAY $d FDA $d MIQ
041 1  $a eng $h ger
043    $a e-gx---
049    $a MIQA
050 0  $a DD220 $b .R62 1931a
082    $a 943.08
092    $a 943.08 $b R813b
100 1  $a Rosenberg, Arthur, $d 1889-1943.
245 14 $a The birth of the German republic, 1871-1918, $c by Arthur Rosenberg ... translated from the German by Ian F.D. Morrow.
260    $a London, $b H. Milford, Oxford University Press, $c 1931.
300    $a viii, 286 p., $c 24 cm.
504    $a "Additional bibliography": p. viii.
651  0 $a Germany $x History $y 1871-1918.
700 1  $a Morrow, Ian F. D. $q (Ian Fitzherbert Despard), $d 1896-
907    $a .b11538508 $b 2007-06-13 $c 2001-05-17
909 CO $o oai:mills.tind.io:140272 $p GLOBAL_SET
910    $a rcp20
913    $a BIB
945    $b   -  -   $e   -  -   $f 0 $g 1 $i 33086002238558 $j 0 $l bknf  $o - $p $0.00 $q - $r - $s - $t 40 $u 0 $v 0 $w 0 $x 0 $y .i12054124 $z 05-17-01 $h 0 $2 0 $3 0 $k   -  -   $4   -  -  
947 00 $a LTI060707
979    $a Pbook
998    $a bk $b 2001-03-23 $c m $d a $e - $f eng $g enk $h 4 $i 0
999    $a 8 $b 33086002238558 $c 1 $e Status: on shelf $f 20200612 $g 8 $h Suppress: 0 $j 943.08 R813b $r TOT_CHECKOUT: 0

