01334cam a2200361I  4500
001 9952174391501401
005 20220810164845.0
008 750414s1954    nyu      b    000 0 engm 
010    $a 54012301
035    $a 113654
035    $a (Mills)ocm01277500 
035    $a (MillsTIND)140255
040    $a DLC $c ORL $d OCL $d SER $d MIQ
049    $a MIQA
050 0  $a DD203 $b .P5 1954
082    $a 943.08
092    $a 943.08 $b P658m
100 1  $a Pinson, Koppel S. $q (Koppel Shub), $d 1904-1961.
245 10 $a Modern Germany, $b its history and civilization.
260    $a New York, $b Macmillan, $c 1954.
300    $a xv, 637 p. $c 24 cm.
504    $a "General bibliographical note": p. 577-578. Bibliographical references included in "Notes" (p. 579-613)
651  0 $a Germany $x History $y 1789-1900.
651  0 $a Germany $x History $y 20th century.
907    $a .b11538326 $b 2007-06-13 $c 2001-05-17
909 CO $o oai:mills.tind.io:140255 $p GLOBAL_SET
910    $a rcp20
913    $a BIB
945    $b   -  -   $e   -  -   $f 0 $g 1 $i 33086002238483 $j 0 $l bknf  $o - $p $0.00 $q - $r - $s - $t 40 $u 0 $v 0 $w 0 $x 0 $y .i12053934 $z 05-17-01 $h 0 $2 0 $3 0 $k   -  -   $4   -  -  
947 00 $a LTI060707
979    $a Pbook
998    $a bk $b 2001-03-23 $c m $d a $e - $f eng $g nyu $h 0 $i 0
999    $a 8 $b 33086002238483 $c 1 $e Status: on shelf $f 20200612 $g 8 $h Suppress: 0 $j 943.08 P658m $r TOT_CHECKOUT: 0

