01190nam a22003611  4500
001 9952174410601401
005 20220810164844.0
008 720601s1960    nyua          000 0 eng  
010    $a 60006329 /L
035    $a 113320
035    $a (Mills)ocm00710699 
035    $a (MillsTIND)139706
040    $a DLC $c DLC $d MIQ
043    $a e-gx---
049    $a MIQA
050 0  $a DD76 $b .K59
082    $a 943.08
092    $a 943 $b K79m
100 1  $a Kohn, Hans, $d 1891-1971.
245 14 $a The mind of Germany; $b the education of a nation.
260    $a New York, $b Scribner $c [1960]
300    $a 370 p. $b illus. $c 22 cm.
650  0 $a Nationalism $z Germany.
651  0 $a Germany $x Intellectual life.
907    $a .b11532026 $b 2007-06-13 $c 2001-05-17
909 CO $o oai:mills.tind.io:139706 $p GLOBAL_SET
910    $a rcp20
913    $a BIB
945    $b   -  -   $e   -  -   $f 0 $g 1 $i 33086002234938 $j 0 $l bknf  $o - $p $0.00 $q - $r - $s - $t 40 $u 0 $v 0 $w 0 $x 0 $y .i12045366 $z 05-17-01 $h 0 $2 0 $3 0 $k   -  -   $4   -  -  
947 00 $a LTI060707
979    $a Pbook
998    $a bk $b 2001-03-23 $c m $d a $e - $f eng $g nyu $h 4 $i 0
999    $a 8 $b 33086002234938 $c 1 $e Status: on shelf $f 20200612 $g 8 $h Suppress: 0 $j 943 K79m $r TOT_CHECKOUT: 0

