01266nam a22003731  4500
001 9952174411201401
005 20220810164846.0
008 760426m19591969nyuab         000 0 eng  
010    $a 59005991 /L/r69
035    $a 113313
035    $a (Mills)ocm00401791 
035    $a (MillsTIND)139697
040    $a DLC $c DLC $d m.c. $d MIQ
043    $a e-gx---
049    $a MIQA $v 1
050 0  $a DD175 $b .H62
082    $a 943
092    $a 943 $b H723h
100 1  $a Holborn, Hajo, $d 1902-1969.
245 12 $a A history of modern Germany.
250    $a [1st ed.]
260    $a New York, $b A. A. Knopf, $c 1959-69.
300    $a 3 v. $b illus., maps (part fold.) $c 24 cm.
505 0  $a [1] The Reformation.--[2] 1648-1840.--[3] 1840-1945.
651  0 $a Germany $x History.
907    $a .b11531915 $b 2007-06-13 $c 2001-05-17
909 CO $o oai:mills.tind.io:139697 $p GLOBAL_SET
910    $a rcp20
913    $a BIB
945    $b   -  -   $c v.1 $e   -  -   $f 0 $g 1 $i 33086002234862 $j 0 $l bknf  $o - $p $0.00 $q - $r - $s - $t 40 $u 0 $v 0 $w 0 $x 0 $y .i12045251 $z 05-17-01 $h 0 $2 0 $3 0 $k   -  -   $4   -  -  
947 00 $a LTI060707
979    $a Pbook
998    $a bk $b 2001-03-23 $c m $d a $e - $f eng $g nyu $h 2 $i 0
999    $a 8 $b 33086002234862 $c 1 $d v.1 $e Status: on shelf $f 20200612 $g 8 $h Suppress: 0 $j 943 H723h $r TOT_CHECKOUT: 0

