01229nam a2200337I  4500
001 9952174416401401
005 20220810164844.0
008 760226s1928    iluabc        000 0 eng  
010    $a 28009152
035    $a 113394
035    $a (Mills)ocm02014801 
035    $a (MillsTIND)139815
040    $a DLC $c CIN $d m.c. $d MIQ
049    $a MIQA
050    $a DD126 $b .T5
092    $a 943.02 $b T473f
100 1  $a Thompson, James Westfall, $d 1869-1941.
245 10 $a Feudal Germany, $c by James Westfall Thompson.
260    $a Chicago, $b The University of Chicago press $c [1928]
300    $a xxiii, 710 p. $b fold. front., maps, plans. $c 24 cm.
651  0 $a Holy Roman Empire $x History $y 843-1273.
651  0 $a Germany $x History $y 843-1273.
907    $a .b11533213 $b 2007-06-13 $c 2001-05-17
909 CO $o oai:mills.tind.io:139815 $p GLOBAL_SET
910    $a rcp20
913    $a BIB
945    $b   -  -   $e   -  -   $f 0 $g 1 $i 33086002235752 $j 0 $l bknf  $o - $p $0.00 $q - $r - $s - $t 40 $u 0 $v 0 $w 0 $x 0 $y .i12046826 $z 05-17-01 $h 0 $2 0 $3 0 $k   -  -   $4   -  -  
947 00 $a LTI060707
979    $a Pbook
998    $a bk $b 2001-03-23 $c m $d a $e - $f eng $g ilu $h 0 $i 0
999    $a 8 $b 33086002235752 $c 1 $e Status: on shelf $f 20200612 $g 8 $h Suppress: 0 $j 943.02 T473f $r TOT_CHECKOUT: 0

