01142nam a2200325I  4500
001 9952174432901401
005 20220810164851.0
008 720908|1940||||xx            000 0 eng u
035    $a 113647
035    $a (Mills)ocm00401564 
035    $a (MillsTIND)140238
040    $c WSU $d MIQ
049    $a MIQA
092    $a 943.08 $b F654e
100 1  $a Foerster, Friedrich Wilhelm, $d 1869-1966.
245 10 $a Europe and the German question.
260    $a New York, $b Sheed & Ward, $c 1940.
300    $a 474 p.
650  0 $a World War, 1939-1945 $z Germany.
651  0 $a Germany $x History.
651  0 $a Germany $x Politics and government $y 20th century.
907    $a .b11538144 $b 2007-06-13 $c 2001-05-17
909 CO $o oai:mills.tind.io:140238 $p GLOBAL_SET
910    $a rcp20
913    $a BIB
945    $b   -  -   $e   -  -   $f 0 $g 1 $i 33086002238400 $j 0 $l bknf  $o - $p $0.00 $q - $r - $s - $t 40 $u 0 $v 0 $w 0 $x 0 $y .i12053752 $z 05-17-01 $h 0 $2 0 $3 0 $k   -  -   $4   -  -  
947 00 $a LTI060707
979    $a Pbook
998    $a bk $b 2001-03-23 $c m $d a $e - $f eng $g xx  $h 0 $i 0
999    $a 8 $b 33086002238400 $c 1 $e Status: on shelf $f 20200612 $g 8 $h Suppress: 0 $j 943.08 F654e $r TOT_CHECKOUT: 0

