01348cam a2200349I  4500
001 9952174484001401
005 20220810164908.0
008 720901s1904    nyubcef       000 0 eng  
010    $a 04017246
035    $a 114206
035    $a (Mills)ocm00397807 
035    $a (MillsTIND)141377
040    $a DLC $c CSU $d OCL $d SER $d MIQ
049    $a MIQA
050 0  $a DD404 $b .R31
092    $a 943.053 $b R313f
100 1  $a Reddaway, William Fiddian, $d 1872-1949.
245 10 $a Frederick the Great and the rise of Prussia, $c by W.F. Reddaway ...
260    $a New York, $a London, $b G.P. Putnam's Sons, $c 1904.
300    $a 1 p. l., xi, 368 p. $b front., plates, ports., fold. maps, plans. $c 20 cm.
440  0 $a Heroes of the nations
600 00 $a Frederick $b II, $c King of Prussia, $d 1712-1786.
651  0 $a Prussia (Germany) $x History $y Frederick II, 1740-1786.
907    $a .b11551252 $b 2007-06-13 $c 2001-05-17
909 CO $o oai:mills.tind.io:141377 $p GLOBAL_SET
910    $a rcp20
913    $a BIB
945    $b   -  -   $e   -  -   $f 0 $g 1 $i 33086002244374 $j 0 $l bknf  $o - $p $0.00 $q - $r - $s - $t 40 $u 0 $v 0 $w 0 $x 0 $y .i1207021x $z 05-17-01 $h 0 $2 0 $3 0 $k   -  -   $4   -  -  
947 00 $a LTI060707
979    $a Pbook
998    $a bk $b 2001-03-23 $c m $d a $e - $f eng $g nyu $h 0 $i 0
999    $a 8 $b 33086002244374 $c 1 $e Status: on shelf $f 20200612 $g 8 $h Suppress: 0 $j 943.053 R313f $r TOT_CHECKOUT: 0

