01321cam a2200373I  4500
001 9952174497101401
005 20220810164910.0
008 750818s1947    mau           000 0 eng u
010    $a 47005861
035    $a 113840
035    $a (Mills)ocm01558408 
035    $a (MillsTIND)140614
040    $c IQU $d m.c. $d OCL $d MIQ
041 1  $a engger
049    $a MIQA
050 0  $a DD256.5 $b .G52
082    $a 943.086
092    $a 943.085 $b G532t
100 1  $a Gisevius, Hans Bernd, $d 1904-1974.
245 10 $a To the bitter end. $c Tr. from the German by Richard and Clara Winston.
260    $a Boston, $b Houghton Mifflin Co., $c 1947.
300    $a xv, 632 p. $c 22 cm.
610 20 $a Nationalsozialistische Deutsche Arbeiter-Partei.
651  0 $a Germany $x Politics and government $y 1933-1945.
700 1  $a Winston, Richard.
907    $a .b11542482 $b 2007-06-13 $c 2001-05-17
909 CO $o oai:mills.tind.io:140614 $p GLOBAL_SET
910    $a rcp20
913    $a BIB
945    $b   -  -   $e   -  -   $f 0 $g 1 $i 33086002240422 $j 0 $l bknf  $o - $p $0.00 $q - $r - $s - $t 40 $u 0 $v 0 $w 0 $x 0 $y .i12058543 $z 05-17-01 $h 0 $2 0 $3 0 $k   -  -   $4   -  -  
947 00 $a LTI060707
979    $a Pbook
998    $a bk $b 2001-03-23 $c m $d a $e - $f eng $g mau $h 0 $i 0
999    $a 8 $b 33086002240422 $c 1 $e Status: on shelf $f 20200612 $g 8 $h Suppress: 0 $j 943.085 G532t $r TOT_CHECKOUT: 0

