02000cam a2200445 i 4500
001 9952174500501401
005 20220810164912.0
008 750310c19751974ohuaf    b    100 0 engm 
010    $a 74082495 //r85
020    $a 0821401726 : $c $10.00
035    $a 114097
035    $a (Mills)ocm01251321 
035    $a (MillsTIND)141121
040    $a DLC $c DLC $d m.c. $d MIQ
043    $a e-gx--- $a n-us---
049    $a MIQA
050 0  $a CD3028.G3 $b C66 1968
082    $a 943.086/07/2
092    $a 943.086 $b C748c
111 2  $a Conference on Captured German and Related Records $d (1968 : $c Washington, D.C.)
245 10 $a Captured German and related records : $b a National Archives conference : papers and proceedings of the Conference on Captured German and Related Records, November 12-13, 1968, the National Archives building, Washington, D.C. / $c edited by Robert Wolfe.
260    $a Athens : $b Ohio University Press, $c [1975] c1974.
300    $a xix, 279 p., [24] leaves of plates : $b ill. ; $c 25 cm.
440  0 $a National Archives conferences ; $v v. 3
500    $a "Captured German and related records in the National Archives (as of 1974)": p. 267-276.
504    $a Includes bibliographical references.
610 10 $a United States. $b National Archives and Records Service.
650  0 $a World War, 1939-1945 $x Sources $v Congresses.
651  0 $a Germany $x History $x Sources $v Congresses.
700 1  $a Wolfe, Robert, $d 1921-
710 1  $a United States. $b National Archives and Records Service.
907    $a .b11548502 $b 2007-06-13 $c 2001-05-17
909 CO $o oai:mills.tind.io:141121 $p GLOBAL_SET
910    $a rcp20
913    $a BIB
945    $b   -  -   $e   -  -   $f 0 $g 1 $i 33086002243236 $j 0 $l bknf  $o - $p $0.00 $q - $r - $s - $t 40 $u 0 $v 0 $w 0 $x 0 $y .i12066977 $z 05-17-01 $h 0 $2 0 $3 0 $k   -  -   $4   -  -  
947 00 $a LTI060707
979    $a Pbook
998    $a bk $b 2001-03-23 $c m $d a $e - $f eng $g ohu $h 0 $i 0
999    $a 8 $b 33086002243236 $c 1 $e Status: on shelf $f 20200612 $g 8 $h Suppress: 0 $j 943.086 C748c $r TOT_CHECKOUT: 0

