01448nam a2200385I  4500
001 9952174508401401
005 20220810164909.0
008 760116s1952    mau      b    000 0 engm 
010    $a 52005045
035    $a 114058
035    $a (Mills)ocm01932774 
035    $a (MillsTIND)141027
040    $a DLC $c CIN $d CIN $d MIQ
049    $a MIQA
050    $a DD238 $b .W34
082    $a 943.085
092    $a 943.085 $b W145v
100 1  $a Waite, Robert G. L. $q (Robert George Leeson), $d 1919-
245 10 $a Vanguard of nazism; $b the Free Corps movement in post-war Germany, 1918-1923.
260    $a Cambridge, $b Harvard University Press, $c 1952.
300    $a xii, 344 p. $c 22 cm.
440  0 $a Harvard historical studies ; $v v. 60
500    $a "Extensive revision of [the author's] thesis submitted to Harvard University."
504    $a Bibliography: p. [297]-332.
610 10 $a Germany. $b Heer. $b Freikorps.
651  0 $a Germany $x History $y 1918-1933.
907    $a .b11547455 $b 2007-06-13 $c 2001-05-17
909 CO $o oai:mills.tind.io:141027 $p GLOBAL_SET
910    $a rcp20
913    $a BIB
945    $b   -  -   $e   -  -   $f 0 $g 1 $i 33086002242824 $j 0 $l bknf  $o - $p $0.00 $q - $r - $s - $t 40 $u 0 $v 0 $w 0 $x 0 $y .i12065778 $z 05-17-01 $h 0 $2 0 $3 0 $k   -  -   $4   -  -  
947 00 $a LTI060707
979    $a Pbook
998    $a bk $b 2001-03-23 $c m $d a $e - $f eng $g mau $h 0 $i 0
999    $a 8 $b 33086002242824 $c 1 $e Status: on shelf $f 20200612 $g 8 $h Suppress: 0 $j 943.085 W145v $r TOT_CHECKOUT: 0

