01321nam a2200385I  4500
001 9952174509401401
005 20220810164913.0
008 751106s1941    nyu           000 0 eng  
010    $a 41021429
035    $a 114054
035    $a (Mills)ocm01811565 
035    $a (MillsTIND)141016
040    $a DLC $c JPL $d m.c. $d MIQ
049    $a MIQA
050 0  $a DD253 $b .V5
082    $a 943.085
092    $a 943.085 $b V665m
100 1  $a Viereck, Peter, $d 1916-2006.
245 10 $a Metapolitics, $b from the romantics to Hitler, $c by Peter Viereck.
260    $a New York, $b A. A. Knopf, $c 1941.
300    $a xviii, 335, xxiv p., 1 l. $c 22 cm.
500    $a "First edition."
500    $a Bibliography: p. [317]-325.
650  0 $a National socialism.
650  0 $a Romanticism $z Germany.
651  0 $a Germany $x Civilization.
907    $a .b11547340 $b 2007-06-13 $c 2001-05-17
909 CO $o oai:mills.tind.io:141016 $p GLOBAL_SET
910    $a rcp20
913    $a BIB
945    $b   -  -   $e   -  -   $f 0 $g 1 $i 33086002242782 $j 0 $l bknf  $o - $p $0.00 $q - $r - $s - $t 40 $u 0 $v 0 $w 0 $x 0 $y .i12065572 $z 05-17-01 $h 0 $2 0 $3 0 $k   -  -   $4   -  -  
947 00 $a LTI060707
979    $a Pbook
998    $a bk $b 2001-03-23 $c m $d a $e - $f eng $g nyu $h 0 $i 0
999    $a 8 $b 33086002242782 $c 1 $e Status: on shelf $f 20200612 $g 8 $h Suppress: 0 $j 943.085 V665m $r TOT_CHECKOUT: 0

