01301cam a2200361I  4500
001 9952174525701401
005 20220810164907.0
008 711020s1950    nyuabc   b    000 0 engm 
010    $a 50005813
035    $a 114231
035    $a (Mills)ocm00165855 
035    $a (MillsTIND)141416
040    $a DLC $c MAL $d OCL $d SER $d OCL $d URB $d m/c $d MIQ
049    $a MIQA
050 0  $a DD257 $b .C55
082    $a 943.086
092    $a 943.086 $b C619d
100 1  $a Clay, Lucius D. $q (Lucius DuBignon), $d 1897-1978.
245 10 $a Decision in Germany.
250    $a [1st ed.]
260    $a Garden City, N.Y., $b Doubleday, $c 1950.
300    $a xiv, 522 p. $b illus., ports., maps (on lining papers) $c 22 cm.
504    $a Bibliography included in "Footnotes": p. [449]-502.
651  0 $a Germany $x History $y 1945-1955.
907    $a .b11551781 $b 2007-06-13 $c 2001-05-17
909 CO $o oai:mills.tind.io:141416 $p GLOBAL_SET
910    $a rcp20
913    $a BIB
945    $b   -  -   $e   -  -   $f 0 $g 1 $i 33086000064329 $j 0 $l bknf  $o - $p $0.00 $q - $r - $s - $t 40 $u 0 $v 0 $w 0 $x 0 $y .i12071134 $z 05-17-01 $h 0 $2 0 $3 0 $k   -  -   $4   -  -  
947 00 $a LTI060707
979    $a Pbook
998    $a bk $b 2001-03-23 $c m $d a $e - $f eng $g nyu $h 0 $i 0
999    $a 8 $b 33086000064329 $c 1 $e Status: on shelf $f 20200612 $g 8 $h Suppress: 0 $j 943.086 C619d $r TOT_CHECKOUT: 0

