01613cam a2200409I  4500
001 9952174533001401
005 20220810164913.0
008 730205s1930    nyucf    b    000 0bengm 
010    $a 30028206
035    $a 113749
035    $a (Mills)ocm00551986 
035    $a (MillsTIND)140456
040    $a DLC $c HIR $d OCL $d m.c. $d m/c $d MIQ
041 1  $a engger
049    $a MIQA
050    $a DD228 $b .N62
082    $a 943.084
092    $a 943.084 $b N946k
100 1  $a Nowak, Karl Friedrich, $d 1882-1932.
245 10 $a Kaiser and Chancellor; $b the opening years of the reign of Kaiser Wilhelm II, $c by Karl Friedrich Nowak; translated by E. W. Dickes.
260    $a New York, $b The Macmillan company, $c 1930.
300    $a xiv p., 1 l., 290 p. $b front., plates, ports. $c 25 cm.
500    $a Translation of Das dritte deutschen kaiserreich, 1. bd.
504    $a "Authorities": p.109-211.
600 00 $a William $b II, $c German Emperor, $d 1859-1941.
600 10 $a Bismarck, Otto, $c Furst von, $d 1815-1898.
651  0 $a Germany $x History $y William II, 1888-1918.
700 1  $a Dickes, E. W. $q (Ernest Walter), $d b. 1876.
907    $a .b11540527 $b 2009-03-23 $c 2001-05-17
909 CO $o oai:mills.tind.io:140456 $p GLOBAL_SET
910    $a rcp20
913    $a BIB
945    $b   -  -   $e   -  -   $f 0 $g 1 $i 33086002239499 $j 0 $l bknf  $o - $p $0.00 $q - $r - $s - $t 40 $u 0 $v 0 $w 0 $x 0 $y .i12056406 $z 05-17-01 $h 0 $2 0 $3 0 $k   -  -   $4   -  -  
947 00 $a LTI060707
979    $a Pbook
998    $a bk $b 2001-03-23 $c m $d a $e - $f eng $g nyu $h 0 $i 0
999    $a 8 $b 33086002239499 $c 1 $e Status: on shelf $f 20200612 $g 8 $h Suppress: 0 $j 943.084 N946k $r TOT_CHECKOUT: 0

