01549cam a2200385I  4500
001 9952174534201401
005 20220810164916.0
008 751104s1932    nyufc         000 0 engm 
010    $a 32009255
035    $a 113747
035    $a (Mills)ocm01806905 
035    $a (MillsTIND)140450
040    $a DLC $c JPL $d m/c $d OCL $d MIQ
049    $a MIQA
050 0  $a DD228 $b .N63
082    $a 943.084
092    $a 943.084 $b N946g
100 1  $a Nowak, Karl Friedrich, $d 1882-1932.
245 10 $a Germany's road to ruin; $b the middle of the reign of Emperor William II, $c by Karl Friedrich Nowak; translated by E. W. Dickes.
260    $a New York, $b The Macmillan company, $c 1932.
300    $a 2 p. 1., vii-ix, [1] p., 1 l., 382 p., 1., $b front, plates, ports. $c 24 cm.
500    $a Each plate accompanied by guard sheet with descriptive letterpress.
500    $a "Printed in Great Britain."
500    $a "List of authorities": p. 337-353.
651  0 $a Germany $x History $y William II, 1888-1918.
700 1  $a Dickes, E. W. $q (Ernest Walter), $d b. 1876.
907    $a .b11540461 $b 2007-06-13 $c 2001-05-17
909 CO $o oai:mills.tind.io:140450 $p GLOBAL_SET
910    $a rcp20
913    $a BIB
945    $b   -  -   $e   -  -   $f 0 $g 1 $i 33086002239473 $j 0 $l bknf  $o - $p $0.00 $q - $r - $s - $t 40 $u 0 $v 0 $w 0 $x 0 $y .i12056327 $z 05-17-01 $h 0 $2 0 $3 0 $k   -  -   $4   -  -  
947 00 $a LTI060707
979    $a Pbook
998    $a bk $b 2001-03-23 $c m $d a $e - $f eng $g nyu $h 0 $i 0
999    $a 8 $b 33086002239473 $c 1 $e Status: on shelf $f 20200612 $g 8 $h Suppress: 0 $j 943.084 N946g $r TOT_CHECKOUT: 0

