01394cam a2200361I  4500
001 9952174649301401
005 20220810164938.0
008 711208r1945    enk      b    000 0 eng  
010    $a 46003677 //r46
035    $a 113944
035    $a (Mills)ocm00179947 
035    $a (MillsTIND)140823
040    $a DLC $c WSU $d SER $d MIQ
049    $a MIQA
050 0  $a DD240 $b .K82
082    $a 943.085
092    $a 943.085 $b K963g
100 1  $a Kulski, Wadysaw Wszebor, $d 1903-
245 10 $a Germany from defeat to conquest, 1913-1933, $c by W. M. Knight-Patterson [pseud.] foreword by Lord Vansittart.
260    $a London, $b G. Allen and Unwin ltd $c [1945]
300    $a 622 p. $c 22 cm.
500    $a "First published in 1945."
504    $a "Consulted books": p. 593-604. "Special literature relating to Germans abroad": p. 605-607.
651  0 $a Germany $x Politics and government $y 1918-1933.
907    $a .b11544971 $b 2009-03-23 $c 2001-05-17
909 CO $o oai:mills.tind.io:140823 $p GLOBAL_SET
910    $a rcp20
913    $a BIB
945    $b   -  -   $e   -  -   $f 0 $g 1 $i 33086002241578 $j 0 $l bknf  $o - $p $0.00 $q - $r - $s - $t 40 $u 0 $v 0 $w 0 $x 0 $y .i12061980 $z 05-17-01 $h 0 $2 0 $3 0 $k   -  -   $4   -  -  
947 00 $a LTI060707
979    $a Pbook
998    $a bk $b 2001-03-23 $c m $d a $e - $f eng $g enk $h 0 $i 0
999    $a 8 $b 33086002241578 $c 1 $e Status: on shelf $f 20200612 $g 8 $h Suppress: 0 $j 943.085 K963g $r TOT_CHECKOUT: 0

