01171cam a2200337I  4500
001 9952174649501401
005 20220810164939.0
008 741030s1943    ncu           000 0 eng  
010    $a 43008971
035    $a 113943
035    $a (Mills)ocm01061227 
035    $a (MillsTIND)140821
040    $a DLC $c ITD $d SER $d m.c. $d MIQ
049    $a MIQA
050 0  $a DD253 $b .K82
082    $a 943.086
092    $a 943.085 $b K96f
100 1  $a Kuhn, Helmut, $d 1899-
245 10 $a Freedom forgotten and remembered ... $c by Helmut Kuhn.
260    $a Chapel Hill, $b The University of North Carolina Press, $c 1943.
300    $a viii, 267 p. $c 22 cm.
650  0 $a National socialism.
907    $a .b11544946 $b 2007-06-13 $c 2001-05-17
909 CO $o oai:mills.tind.io:140821 $p GLOBAL_SET
910    $a rcp20
913    $a BIB
945    $b   -  -   $e   -  -   $f 0 $g 1 $i 33086002241560 $j 0 $l bknf  $o - $p $0.00 $q - $r - $s - $t 40 $u 0 $v 0 $w 0 $x 0 $y .i12061955 $z 05-17-01 $h 0 $2 0 $3 0 $k   -  -   $4   -  -  
947 00 $a LTI060707
979    $a Pbook
998    $a bk $b 2001-03-23 $c m $d a $e - $f eng $g ncu $h 0 $i 0
999    $a 8 $b 33086002241560 $c 1 $e Status: on shelf $f 20200612 $g 8 $h Suppress: 0 $j 943.085 K96f $r TOT_CHECKOUT: 0

