01624cam a2200385I  4500
001 9952174653001401
005 20220810164937.0
008 770414m19551958nyuac         000 0 engm 
010    $a 55003604
035    $a 115969
035    $a (Mills)ocm02889393 
035    $a (MillsTIND)145026
040    $a DLC $c TJC $d OCL $d KSU $d MIQ
049    $a MIQA $c 1 $v 1-2 $c 2 $v 1
050 0  $a DA405 $b .W42
082    $a 942.062
092    $a 942.062 $b W393g
100 1  $a Wedgwood, C. V. $q (Cicely Veronica), $d 1910-1997.
245 14 $a The great rebellion.
260    $a New York, $b Macmillan, $c 1955-1958.
300    $a v. $b illus., ports. $c 22 cm.
505 0  $a 1. The King's peace, 1637-1641. -- 2. The King's war,1641-1647.
651  0 $a Great Britain $x History $y Puritan Revolution, 1642-1660.
651  0 $a Great Britain $x History $y Charles I, 1625-1649.
907    $a .b11591705 $b 2007-06-13 $c 2001-05-17
909 CO $o oai:mills.tind.io:145026 $p GLOBAL_SET
910    $a rcp21
913    $a BIB
945    $b   -  -   $c v. 1 $e   -  -   $f 0 $g 1 $i 33086002264133 $j 0 $l bknf  $o - $p $0.00 $q - $r - $s - $t 40 $u 0 $v 0 $w 0 $x 0 $y .i12122749 $z 05-17-01 $h 0 $2 0 $3 0 $k   -  -   $4   -  -  
945    $b   -  -   $c v.2 $e   -  -   $f 0 $g 1 $i 33086000011478 $j 0 $l bknf  $o - $p $0.00 $q - $r - $s - $t 40 $u 0 $v 0 $w 0 $x 0 $y .i12122750 $z 05-17-01 $h 0 $2 0 $3 0 $k   -  -   $4   -  -  
947 00 $a LTI060707
979    $a Pbook
998    $a bk $b 2001-03-23 $c m $d a $e - $f eng $g nyu $h 4 $i 0
999    $a 8 $b 33086002264133 $c 1 $d v. 1 $e Status: on shelf $f 20200612 $g 8 $h Suppress: 0 $j 942.062 W393g $r TOT_CHECKOUT: 0
999    $a 8 $b 33086000011478 $c 1 $d v.2 $e Status: on shelf $f 20200612 $g 8 $h Suppress: 0 $j 942.062 W393g $r TOT_CHECKOUT: 0

