01320cam a2200373I  4500
001 9952174654801401
005 20220810164941.0
008 720905s1964    nyu      b    000 0 engm 
010    $a 64013350 //r
035    $a 115957
035    $a (Mills)ocm00398857 
035    $a (MillsTIND)145007
040    $a DLC $c WSU $d OCL $d MIQ
049    $a MIQA
050 0  $a DA380 $b .H52 1964
082    $a 942.062
092    $a 942.062 $b H645s
100 1  $a Hill, Christopher, $d 1912-2003.
245 10 $a Society and Puritanism in pre-Revolutionary England.
260    $a New York, $b Schocken Books $c [1964]
300    $a 520 p. $c 23 cm.
504    $a Bibliographical footnotes.
650  0 $a Puritans $z Great Britain.
651  0 $a Great Britain $x History $y Civil War, 1642-1649 $x Causes.
651  0 $a Great Britain $x Social conditions.
907    $a .b11591493 $b 2007-06-13 $c 2001-05-17
909 CO $o oai:mills.tind.io:145007 $p GLOBAL_SET
910    $a rcp21
913    $a BIB
945    $b   -  -   $e   -  -   $f 0 $g 1 $i 33086002264018 $j 0 $l bknf  $o - $p $0.00 $q - $r - $s - $t 40 $u 0 $v 0 $w 0 $x 0 $y .i12122531 $z 05-17-01 $h 0 $2 0 $3 0 $k   -  -   $4   -  -  
947 00 $a LTI060707
979    $a Pbook
998    $a bk $b 2001-03-23 $c m $d a $e - $f eng $g nyu $h 0 $i 0
999    $a 8 $b 33086002264018 $c 1 $e Status: on shelf $f 20200612 $g 8 $h Suppress: 0 $j 942.062 H645s $r TOT_CHECKOUT: 0

