01923cam a2200409I  4500
001 9952174655301401
005 20220810164935.0
008 720905c19651934nyuah    b    000 0 eng  
010    $a 65020968
035    $a 115954
035    $a (Mills)ocm00398842 
035    $a (MillsTIND)145002
040    $a DLC $c WSU $d SER $d MIQ
049    $a MIQA
050 0  $a DA412.A1 $b H3 1965
082    $a 942.062
092    $a 942.062 $b H185t
100 1  $a Haller, William, $d b. 1885.
245 10 $a Tracts on liberty in the Puritan Revolution, 1638-1647. $c Edited with a commentary.
260    $a New York, $b Octagon Books, $c 1965 [c1934]
300    $a 3 v. $b illus., facsims. $c 24 cm.
440  0 $a Records of civilization, sources and studies ; $v no. 18
504    $a Bibliography: v. 1, p. [143]-145.
651  0 $a Great Britain $x History $y Charles I, 1625-1649 $v Pamphlets.
907    $a .b11591432 $b 2007-06-13 $c 2001-05-17
909 CO $o oai:mills.tind.io:145002 $p GLOBAL_SET
910    $a rcp21
913    $a BIB
945    $b   -  -   $c v. 1 $e   -  -   $f 0 $g 1 $i 33086002263978 $j 0 $l bknf  $o - $p $0.00 $q - $r - $s - $t 40 $u 0 $v 0 $w 0 $x 0 $y .i12122440 $z 05-17-01 $h 0 $2 0 $3 0 $k   -  -   $4   -  -  
945    $b   -  -   $c v. 2 $e   -  -   $f 0 $g 1 $i 33086001695451 $j 0 $l bknf  $o - $p $0.00 $q - $r - $s - $t 40 $u 0 $v 0 $w 0 $x 0 $y .i12122452 $z 05-17-01 $h 0 $2 0 $3 0 $k   -  -   $4   -  -  
945    $b   -  -   $c v. 3 $e   -  -   $f 0 $g 1 $i 33086001695469 $j 0 $l bknf  $o - $p $0.00 $q - $r - $s - $t 40 $u 0 $v 0 $w 0 $x 0 $y .i12122464 $z 05-17-01 $h 0 $2 0 $3 0 $k   -  -   $4   -  -  
947 00 $a LTI060707
979    $a Pbook
998    $a bk $b 2001-03-23 $c m $d a $e - $f eng $g nyu $h 0 $i 0
999    $a 8 $b 33086002263978 $c 1 $d v. 1 $e Status: on shelf $f 20200612 $g 8 $h Suppress: 0 $j 942.062 H185t $r TOT_CHECKOUT: 0
999    $a 8 $b 33086001695451 $c 1 $d v. 2 $e Status: on shelf $f 20200612 $g 8 $h Suppress: 0 $j 942.062 H185t $r TOT_CHECKOUT: 0
999    $a 8 $b 33086001695469 $c 1 $d v. 3 $e Status: on shelf $f 20200612 $g 8 $h Suppress: 0 $j 942.062 H185t $r TOT_CHECKOUT: 0

