01303nam a22003491  4500
001 9952174658601401
005 20220810164936.0
008 711005s1967    nyuabc   b    000 0 eng  
010    $a 67020473
035    $a 114080
035    $a (Mills)ocm00712443 
035    $a (MillsTIND)141084
040    $a DLC $c DLC $d MIQ
049    $a MIQA
050 0  $a DD253.27 $b .B8
082    $a 943.086
092    $a 943.086 $b B949n
100 1  $a Burden, Hamilton T. $q (Hamilton Twombly), $d 1937-
245 14 $a The Nuremberg Party rallies: 1923-39 $c [by] Hamilton T. Burden. Foreword by Adolf A. Berle.
260    $a New York, $b Praeger $c [1967]
300    $a xv, 206 p. $b illus., maps, ports. $c 25 cm.
504    $a Bibliography: p. 201-202.
610 20 $a Nationalsozialistische Deutsche Arbeiter-Partei. $b Reichsparteitag.
907    $a .b11548071 $b 2007-06-13 $c 2001-05-17
909 CO $o oai:mills.tind.io:141084 $p GLOBAL_SET
910    $a rcp20
913    $a BIB
945    $b   -  -   $e   -  -   $f 0 $g 1 $i 33086002243053 $j 0 $l bknf  $o - $p $0.00 $q - $r - $s - $t 40 $u 0 $v 0 $w 0 $x 0 $y .i12066539 $z 05-17-01 $h 0 $2 0 $3 0 $k   -  -   $4   -  -  
947 00 $a LTI060707
979    $a Pbook
998    $a bk $b 2001-03-23 $c m $d a $e - $f eng $g nyu $h 4 $i 0
999    $a 8 $b 33086002243053 $c 1 $e Status: on shelf $f 20200612 $g 8 $h Suppress: 0 $j 943.086 B949n $r TOT_CHECKOUT: 0

