01302cam a2200349I  4500
001 9952174659601401
005 20220810164938.0
008 730123s1949    nyub          000 0cengm 
010    $a 49011621
035    $a 114075
035    $a (Mills)ocm00544695 
035    $a (MillsTIND)141072
040    $a DLC $c HUC $d NRC $d m/c $d MIQ
049    $a MIQA
050 0  $a DD256.5 $b .B6
082    $a 943.086
092    $a 943.086 $b B671w
100 1  $a Boehm, Eric H., $d 1918-
245 10 $a We survived; $b the stories of fourteen of the hidden and the hunted of Nazi Germany $c as told to Eric H.Boehm.
260    $a New Haven, $b Yale University Press, $c 1949.
300    $a xiii, 308 p. $b maps (on lining-papers) $c 22 cm.
650  0 $a Anti-Nazi movement $v Personal narratives.
651  0 $a Germany $x History $y 1933-1945.
907    $a .b11547935 $b 2007-06-13 $c 2001-05-17
909 CO $o oai:mills.tind.io:141072 $p GLOBAL_SET
910    $a rcp20
913    $a BIB
945    $b   -  -   $e   -  -   $f 0 $g 1 $i 33086003456563 $j 0 $l bknf  $o - $p $0.00 $q - $r - $s - $t 40 $u 0 $v 0 $w 0 $x 0 $y .i12066394 $z 05-17-01 $h 0 $2 0 $3 0 $k   -  -   $4   -  -  
947 00 $a LTI060707
979    $a Pbook
998    $a bk $b 2001-03-23 $c m $d a $e - $f eng $g nyu $h 0 $i 0
999    $a 8 $b 33086003456563 $c 1 $e Status: on shelf $f 20200612 $g 8 $h Suppress: 0 $j 943.086 B671w $r TOT_CHECKOUT: 0

