01381cam a2200385I  4500
001 9952174669101401
005 20220810164956.0
008 720905s1961    enkb     b    000 0 eng  
010    $a 61066708
035    $a 115198
035    $a (Mills)ocm00398746 
035    $a (MillsTIND)143455
040    $a DLC $c WSU $d SER $d OCL $d YNG $d MIQ
049    $a MIQA
050 0  $a DA245 $b .J3
082    $a 942.04
092    $a 942.04 $b J15f
100 1  $a Jacob, E. F. $q (Ernest Fraser), $d 1894-1971.
245 14 $a The fifteenth century, 1399-1485.
260    $a Oxford, $b Clarendon Press, $c 1961.
300    $a xvi, 775 p. $b maps (part fold.) $c 23 cm.
490 1  $a The Oxford history of England, $v v. 6
500    $a Errata slip inserted.
504    $a Bibliography: p. [688]-721.
651  0 $a Great Britain $x History $y Lancaster and York, 1399-1485.
830  0 $a Oxford history of England ; $v 6.
907    $a .b11574537 $b 2007-06-13 $c 2001-05-17
909 CO $o oai:mills.tind.io:143455 $p GLOBAL_SET
910    $a rcp21
913    $a BIB
945    $b   -  -   $e   -  -   $f 0 $g 1 $i 33086002255438 $j 0 $l bknf  $o - $p $0.00 $q - $r - $s - $t 40 $u 0 $v 0 $w 0 $x 0 $y .i1209819x $z 05-17-01 $h 0 $2 0 $3 0 $k   -  -   $4   -  -  
947 00 $a LTI060707
979    $a Pbook
998    $a bk $b 2001-03-23 $c m $d a $e - $f eng $g enk $h 4 $i 0
999    $a 8 $b 33086002255438 $c 1 $e Status: on shelf $f 20200612 $g 8 $h Suppress: 0 $j 942.04 J15f $r TOT_CHECKOUT: 0

