01386cam a2200385I  4500
001 9952174672601401
005 20220810164952.0
008 750411s1950    nyubc    b    000 0 enge 
010    $a 50007173
035    $a 115192
035    $a (Mills)ocm01268944 
035    $a (MillsTIND)143437
040    $a DLC $c ORL $d m.c. $d SER $d MIQ
049    $a MIQA
050 0  $a DA256 $b .J3 1950
082    $a 942.042
092    $a 942.04 $b H521j
100 1  $a Jacob, E. F. $q (Ernest Fraser), $d 1894-1971.
245 10 $a Henry V and the invasion of France.
260    $a New York, $b Macmillan, $c 1950.
300    $a xiii, 207 p. $b port., maps. $c 18 cm.
440  0 $a Teach yourself history library
504    $a Bibliography: p. 193-195.
600 00 $a Henry $b V, $c King of England, $d 1387-1422.
651  0 $a Great Britain $x History $y Henry V, 1413-1422.
651  0 $a France $x History $y Charles VI, 1380-1422.
907    $a .b11574355 $b 2007-06-13 $c 2001-05-17
909 CO $o oai:mills.tind.io:143437 $p GLOBAL_SET
910    $a rcp21
913    $a BIB
945    $b   -  -   $e   -  -   $f 0 $g 1 $i 33086002255370 $j 0 $l bknf  $o - $p $0.00 $q - $r - $s - $t 40 $u 0 $v 0 $w 0 $x 0 $y .i12098000 $z 05-17-01 $h 0 $2 0 $3 0 $k   -  -   $4   -  -  
947 00 $a LTI060707
979    $a Pbook
998    $a bk $b 2001-03-23 $c m $d a $e - $f eng $g nyu $h 0 $i 0
999    $a 8 $b 33086002255370 $c 1 $e Status: on shelf $f 20200612 $g 8 $h Suppress: 0 $j 942.04 H521j $r TOT_CHECKOUT: 0

