01372cam a2200361I  4500
001 9952174673601401
005 20220810164954.0
008 720906s1964    enkabc   b    000 0 engm 
010    $a 64005368
035    $a 115190
035    $a (Mills)ocm00399390 
035    $a (MillsTIND)143432
040    $a DLC $c WSU $d OCL $d m/c $d MIQ
049    $a MIQA
050    $a DA245 $b .C45
082    $a 942.04
092    $a 942.04 $b C554L
100 1  $a Chrimes, S. B. $q (Stanley Bertram), $d 1907-
245 10 $a Lancastrians, Yorkists, and Henry VII, $c by S.B. Chrimes.
260    $a London, $b Macmillan; $a New York, $b St Martin's Press, $c 1964.
300    $a xiv, 190 p. $b illus., fold. map, ports. $c 21 cm.
504    $a "Books for further reading": p. [179]-182.
651  0 $a Great Britain $x History $y Lancaster and York, 1399-1485.
651  0 $a Great Britain $x History $y Henry VII, 1485-1509.
907    $a .b11574306 $b 2007-06-13 $c 2001-05-17
909 CO $o oai:mills.tind.io:143432 $p GLOBAL_SET
910    $a rcp21
913    $a BIB
945    $b   -  -   $e   -  -   $f 0 $g 1 $i 33086002255354 $j 0 $l bknf  $o - $p $0.00 $q - $r - $s - $t 40 $u 0 $v 0 $w 0 $x 0 $y .i12097950 $z 05-17-01 $h 0 $2 0 $3 0 $k   -  -   $4   -  -  
947 00 $a LTI060707
979    $a Pbook
998    $a bk $b 2001-03-23 $c m $d a $e - $f eng $g enk $h 0 $i 0
999    $a 8 $b 33086002255354 $c 1 $e Status: on shelf $f 20200612 $g 8 $h Suppress: 0 $j 942.04 C554L $r TOT_CHECKOUT: 0

