01845cam a2200373I  4500
001 9952174678101401
005 20220810164948.0
008 750605s1884    enkc          000 0beng  
010    $a 02021517
035    $a 115265
035    $a (Mills)ocm01374769 
035    $a (MillsTIND)143626
040    $a DLC $c BUF $d m.c. $d OCL $d SER $d MIQ
049    $a MIQA
050 0  $a DA325 $b .B84
092    $a 942.052 $b B847r
100 1  $a Brewer, J. S. $q (John Sherren), $d 1810-1879.
245 14 $a The reign of Henry VIII from his accession to the death of Wolsey. $c Reviewed and illustrated from original documents by the late J.S. Brewer.  Ed. by James Gairdner.
260    $a London, $b J. Murray, $c 1884.
300    $a 2 v. $b port. $c 23 cm.
500    $a "Consists of four different treatises which were originally published as prefaces to the four volumes of Letters and papers of the reign of Henry VIII.', ed. by Professora Brewer for the Master of the Rolls."--Pref.
651  0 $a Great Britain $x History $y Henry VIII, 1509-1547.
700 1  $a Gairdner, James, $d 1828-1912.
907    $a .b1157639x $b 2009-03-23 $c 2001-05-17
909 CO $o oai:mills.tind.io:143626 $p GLOBAL_SET
910    $a rcp21
913    $a BIB
945    $b   -  -   $c v.1 $e   -  -   $f 0 $g 1 $i 33086002256238 $j 0 $l bknf  $o - $p $0.00 $q - $r - $s - $t 40 $u 0 $v 0 $w 0 $x 0 $y .i12100456 $z 05-17-01 $h 0 $2 0 $3 0 $k   -  -   $4   -  -  
945    $b   -  -   $c v.2 $e   -  -   $f 0 $g 1 $i 33086001693068 $j 0 $l bknf  $o - $p $0.00 $q - $r - $s - $t 40 $u 0 $v 0 $w 0 $x 0 $y .i12100468 $z 05-17-01 $h 0 $2 0 $3 0 $k   -  -   $4   -  -  
947 00 $a LTI060707
979    $a Pbook
998    $a bk $b 2001-03-23 $c m $d a $e - $f eng $g enk $h 4 $i 0
999    $a 8 $b 33086002256238 $c 1 $d v.1 $e Status: on shelf $f 20200612 $g 8 $h Suppress: 0 $j 942.052 B847r $r TOT_CHECKOUT: 0
999    $a 8 $b 33086001693068 $c 1 $d v.2 $e Status: on shelf $f 20200612 $g 8 $h Suppress: 0 $j 942.052 B847r $r TOT_CHECKOUT: 0

