01250cam a2200349I  4500
001 9952174679201401
005 20220810164950.0
008 750606s1934    enk      b    000 0 eng  
010    $a 35010020
035    $a 115260
035    $a (Mills)ocm01378459 
035    $a (MillsTIND)143612
040    $a DLC $c CIN $d OCL $d MIQ
049    $a MIQA
050 0  $a DA325 $b .P48
082    $a 942.051
092    $a 942.051 $b P597e
100 1  $a Pickthorn, Kenneth, $d 1892-1975.
245 10 $a Early Tudor government; Henry VII, $c by Kenneth Pickthorn.
260    $a Cambridge [Eng.] $b The University press, $c 1934.
300    $a ix, 192 p. $c 24 cm.
504    $a "List of authorities": p. [183]-186.
651  0 $a Great Britain $x Politics and government $y 1485-1509.
907    $a .b1157625x $b 2007-06-13 $c 2001-05-17
909 CO $o oai:mills.tind.io:143612 $p GLOBAL_SET
910    $a rcp21
913    $a BIB
945    $b   -  -   $e   -  -   $f 0 $g 1 $i 33086002256188 $j 0 $l bknf  $o - $p $0.00 $q - $r - $s - $t 40 $u 0 $v 0 $w 0 $x 0 $y .i12100298 $z 05-17-01 $h 0 $2 0 $3 0 $k   -  -   $4   -  -  
947 00 $a LTI060707
979    $a Pbook
998    $a bk $b 2001-03-23 $c m $d a $e - $f eng $g enk $h 0 $i 0
999    $a 8 $b 33086002256188 $c 1 $e Status: on shelf $f 20200612 $g 8 $h Suppress: 0 $j 942.051 P597e $r TOT_CHECKOUT: 0

