01686cam a2200385I  4500
001 9952174694201401
005 20220810164957.0
008 741018s1947    enkb          000 0 eng u
010    $a 47004620
035    $a 115157
035    $a (Mills)ocm01044503 
035    $a (MillsTIND)143357
040    $c ITD $d OCL $d m.c. $d SER $d m/c $d OCL $d MIQ
049    $a MIQA
050 0  $a DA227 $b .P6
082    $a 942.034
092    $a 942.034 $b P888k
100 1  $a Powicke, F. M. $q (Frederick Maurice), $d 1879-1963.
245 10 $a King Henry III and the Lord Edward; $b the community of the realm in the thirteenth century, $c by F. M. Powicke...
260    $a Oxford, $b The Clarendon press, $c 1947.
300    $a 2 v. $b maps (part fold.) $c 25 cm.
600 00 $a Henry $b III, $c King of England, $d 1207-1272.
600 00 $a Edward $b I, $c King of England, $d 1239-1307.
651  0 $a Great Britain $x History $y Henry III, 1216-1272.
907    $a .b11573478 $b 2007-06-13 $c 2001-05-17
909 CO $o oai:mills.tind.io:143357 $p GLOBAL_SET
910    $a rcp21
913    $a BIB
945    $b   -  -   $c v. 1 $e   -  -   $f 0 $g 1 $i 33086002255016 $j 0 $l bknf  $o - $p $0.00 $q - $r - $s - $t 40 $u 0 $v 0 $w 0 $x 0 $y .i12096362 $z 05-17-01 $h 0 $2 0 $3 0 $k   -  -   $4   -  -  
945    $b   -  -   $c v. 2 $e   -  -   $f 0 $g 1 $i 33086001694082 $j 0 $l bknf  $o - $p $0.00 $q - $r - $s - $t 40 $u 0 $v 0 $w 0 $x 0 $y .i12096374 $z 05-17-01 $h 0 $2 0 $3 0 $k   -  -   $4   -  -  
947 00 $a LTI060707
979    $a Pbook
998    $a bk $b 2001-03-23 $c m $d a $e - $f eng $g enk $h 0 $i 0
999    $a 8 $b 33086002255016 $c 1 $d v. 1 $e Status: on shelf $f 20200612 $g 8 $h Suppress: 0 $j 942.034 P888k $r TOT_CHECKOUT: 0
999    $a 8 $b 33086001694082 $c 1 $d v. 2 $e Status: on shelf $f 20200612 $g 8 $h Suppress: 0 $j 942.034 P888k $r TOT_CHECKOUT: 0

