01843cam a2200421I  4500
001 9952174776601401
005 20220810165014.0
008 750708s1940    nyuj     b    000 0 engm 
010    $a 41001118
035    $a 115934
035    $a (Mills)ocm01433785 
035    $a (MillsTIND)144976
040    $a DLC $c CIN $d m.c. $d SER $d MIQ
049    $a MIQA
050 0  $a DA391 $b .S7
082    $a 942.061
092    $a 942.061 $b S779j
100 1  $a Stafford, Helen Georgia, $d 1909-
245 10 $a James VI of Scotland and the throne of England, $c by Helen Georgia Stafford ...
260    $a New York, $a London, $b D. Appleton-Century Company, Incorporated $c [c1940]
300    $a ix p., 1 l., 336 p. incl. geneal. tables. $c 23 cm.
500    $a At head of title: The American Historical Association.
500    $a "This volume is published from a fund contributed to the American historical association by the Carnegie corporation of New York."
500    $a "Originally presented to Bryn Mawr college to meet one of the requirements for the degree of doctor of philosophy."--Pref.
504    $a "Bibliographical note": p. 301-324.
600 00 $a James $b I, $c King of England, $d 1566-1625.
651  0 $a Scotland $x History $y James VI, 1567-1625.
651  0 $a Great Britain $x History $y Elizabeth, 1558-1603.
710 2  $a American Historical Association.
907    $a .b11591080 $b 2007-06-13 $c 2001-05-17
909 CO $o oai:mills.tind.io:144976 $p GLOBAL_SET
910    $a rcp21
913    $a BIB
945    $b   -  -   $e   -  -   $f 0 $g 1 $i 33086002263622 $j 0 $l bknf  $o - $p $0.00 $q - $r - $s - $t 40 $u 0 $v 0 $w 0 $x 0 $y .i12121824 $z 05-17-01 $h 0 $2 0 $3 0 $k   -  -   $4   -  -  
947 00 $a LTI060707
979    $a Pbook
998    $a bk $b 2001-03-23 $c m $d a $e - $f eng $g nyu $h 0 $i 0
999    $a 8 $b 33086002263622 $c 1 $e Status: on shelf $f 20200612 $g 8 $h Suppress: 0 $j 942.061 S779j $r TOT_CHECKOUT: 0

