01274nam a2200325I  4500
001 9952174814201401
005 20220810165224.0
008 750520|1931||||xx            000 0 eng u
010    $a 31022057
035    $a 115895
035    $a (Mills)ocm01345009 
035    $a (MillsTIND)144898
040    $c CSU $d MIQ
049    $a MIQA
092    $a 942.06 $b J77e
100 1  $a Jones, Idris Deane, $d b. 1899.
245 14 $a The English revolution, $b an introduction to English history, 1603-1714, $c by I. Deane Jones...
260    $a London, $b W. Heinemann, ltd. $c [1931]
300    $a xvi p., 1l., 361, [1] p. $c 23cm.
500    $a "Books of general reference": p.[xvii]; "Suggestions for further reading" at end of each chapter.
651  0 $a Great Britain $x History $y Stuarts, 1603-1714.
907    $a .b11590245 $b 2007-06-13 $c 2001-05-17
909 CO $o oai:mills.tind.io:144898 $p GLOBAL_SET
910    $a rcp21
913    $a BIB
945    $b   -  -   $e   -  -   $f 0 $g 1 $i 33086002263184 $j 0 $l bknf  $o - $p $0.00 $q - $r - $s - $t 40 $u 0 $v 0 $w 0 $x 0 $y .i12120868 $z 05-17-01 $h 0 $2 0 $3 0 $k   -  -   $4   -  -  
947 00 $a LTI060707
979    $a Pbook
998    $a bk $b 2001-03-23 $c m $d a $e - $f eng $g xx  $h 4 $i 0
999    $a 8 $b 33086002263184 $c 1 $e Status: on shelf $f 20200612 $g 8 $h Suppress: 0 $j 942.06 J77e $r TOT_CHECKOUT: 0

