01252cam a2200349I  4500
001 9952174823501401
005 20220810165222.0
008 741018s1934    enk      b    000 0 eng  
010    $a 35010021
035    $a 115282
035    $a (Mills)ocm01044457 
035    $a (MillsTIND)143668
040    $a DLC $c ITD $d OCL $d MIQ
049    $a MIQA
050 0  $a DA325 $b .P5
082    $a 942.052
092    $a 942.052 $b P597e
100 1  $a Pickthorn, Kenneth, $d 1892-1975.
245 10 $a Early Tudor government; $b Henry VIII, $c by Kenneth Pickthorn.
260    $a Cambridge [Eng.] $b The University press, $c 1934.
300    $a xiv, 564 p. $c 24 cm.
504    $a "List of authorities": p. [544]-550.
651  0 $a Great Britain $x Politics and government $y 1509-1547.
907    $a .b11576844 $b 2007-06-13 $c 2001-05-17
909 CO $o oai:mills.tind.io:143668 $p GLOBAL_SET
910    $a rcp21
913    $a BIB
945    $b   -  -   $e   -  -   $f 0 $g 1 $i 33086000064303 $j 0 $l bknf  $o - $p $0.00 $q - $r - $s - $t 40 $u 0 $v 0 $w 0 $x 0 $y .i12101072 $z 05-17-01 $h 0 $2 0 $3 0 $k   -  -   $4   -  -  
947 00 $a LTI060707
979    $a Pbook
998    $a bk $b 2001-03-23 $c m $d a $e - $f eng $g enk $h 0 $i 0
999    $a 8 $b 33086000064303 $c 1 $e Status: on shelf $f 20200612 $g 8 $h Suppress: 0 $j 942.052 P597e $r TOT_CHECKOUT: 0

