01353nam a2200385Mi 4500
001 9952174826801401
005 20220810165217.0
008 870515s1952    enkab    b    000 0 eng d
010    $a 52004641
035    $a 115243
035    $a (Mills)ocm19375324 
035    $a (MillsTIND)143569
040    $a PAU $c PAU $d MIQ
043    $a e-uk---
049    $a MIQA
050 0  $a DA325 $b .M3
082    $a 942.05
092    $a 942.05 $b M158e
100 1  $a Mackie, J. D. $q (John Duncan), $d b. 1887.
245 14 $a The earlier Tudors : $b 1485-1558 / $c by J. D. Mackie.
260    $a Oxford : $b Clarendon Press, $c 1952.
300    $a xxi, 699 p. : $b ill., maps ; $c 23 cm.
490 1  $a The Oxford history of England ; $v 7
504    $a Bibliography: p. [609]-644.
651  0 $a Great Britain $x History $y Tudors, 1485-1603.
830  0 $a Oxford history of England ; $v 7.
907    $a .b11575785 $b 2007-06-13 $c 2001-05-17
909 CO $o oai:mills.tind.io:143569 $p GLOBAL_SET
910    $a rcp21
913    $a BIB
945    $b   -  -   $e   -  -   $f 0 $g 1 $i 33086002256014 $j 0 $l bknf  $o - $p $0.00 $q - $r - $s - $t 40 $u 0 $v 0 $w 0 $x 0 $y .i12099715 $z 05-17-01 $h 0 $2 0 $3 0 $k   -  -   $4   -  -  
947 00 $a LTI060707
979    $a Pbook
998    $a bk $b 2001-03-23 $c m $d a $e - $f eng $g enk $h 4 $i 0
999    $a 8 $b 33086002256014 $c 1 $e Status: on shelf $f 20200612 $g 8 $h Suppress: 0 $j 942.05 M158e $r TOT_CHECKOUT: 0

