01600cam a2200349I  4500
001 9952174828101401
005 20220810165225.0
008 740801s1895    nyu           000 0 eng  
010    $a 02021612
035    $a 115236
035    $a (Mills)ocm00971147 
035    $a (MillsTIND)143552
040    $a DLC $c BMC $d m.c. $d OCL $d SER $d MIQ
049    $a MIQA
050 0  $a DA86 $b .F8
092    $a 942.05 $b F942e
100 1  $a Froude, James Anthony, $d 1818-1894.
245 10 $a English seamen in the sixteenth century. $b Lectures delivered at Oxford, Easter terms, 1893-4, $c James Anthony Froude ...
260    $a New York, $b C. Scribner's Sons, $c 1895.
300    $a 3 p. l., 228 p. $c 21 cm.
505 0  $a The sea cradle of the reformation.--John Hawkins and the African slave trade.--Sir John Hawkins and Philip the Second.--Drake's voyage round the world.--Parties in the state.--The great expedition to the West Indies.--Attack on Cadiz.--Sailing of the Armada.--Defeat of the Armada.
651  0 $a Great Britain $x History $y Elizabeth, 1558-1603.
651  0 $a Great Britain $x History, Naval $y Tudors, 1485-1603.
907    $a .b11575608 $b 2007-06-13 $c 2001-05-17
909 CO $o oai:mills.tind.io:143552 $p GLOBAL_SET
910    $a rcp21
913    $a BIB
945    $b   -  -   $e   -  -   $f 0 $g 1 $i 33086002255941 $j 0 $l bknf  $o - $p $0.00 $q - $r - $s - $t 40 $u 0 $v 0 $w 0 $x 0 $y .i12099521 $z 05-17-01 $h 0 $2 0 $3 0 $k   -  -   $4   -  -  
947 00 $a LTI060707
979    $a Pbook
998    $a bk $b 2001-03-23 $c m $d a $e - $f eng $g nyu $h 0 $i 0
999    $a 8 $b 33086002255941 $c 1 $e Status: on shelf $f 20200612 $g 8 $h Suppress: 0 $j 942.05 F942e $r TOT_CHECKOUT: 0

