01974nam a2200409I  4500
001 9952174837101401
005 20220810165221.0
008 770413s1913    enkbej   b    000 0ceng  
010    $a a  14000755
035    $a 115150
035    $a (Mills)ocm02884191 
035    $a (MillsTIND)143343
040    $a Title from City Library, Springfield, Mass. $c TJC $d MIQ
049    $a MIQA
050 0  $a DA225 $b .R33
092    $a 942.03 $b R179g
100 1  $a Ramsay, James H. $q (James Henry), $c Sir, $d 1832-1925.
245 10 $a Genesis of Lancaster; $b or, The three reigns of Edward II, Edward III, and Richard II, 1307-1399, $c by Sir James H. Ramsay, of Bamff ... With maps and illustrations.
260    $a Oxford. $b The Clarendon press, $c 1913.
300    $a 2 v. $b maps, plans and tables (part fold.) $c 23 cm.
490 1  $a His The scholar's history of England, vol. V-VI
500    $a "List of authorities": v. 1, p. [xi]-xviii.
504    $a Bibliographical foot-notes.
651  0 $a Great Britain $x History $y 14th century.
800 1  $a Ramsay, James H. $q (James Henry), $c Sir, $d 1832-1925. $t Scholar's history of England ; $v vol. V-VI.
830  0 $a His The scholar's history of England, vol. V-VI
907    $a .b11573314 $b 2016-12-07 $c 2001-05-17
909 CO $o oai:mills.tind.io:143343 $p GLOBAL_SET
910    $a rcp21
913    $a BIB
945    $b   -  -   $c v. 1 $e   -  -   $f 0 $g 1 $i 33086002254944 $j 0 $l bknf  $o - $p $0.00 $q - $r - $s - $t 40 $u 0 $v 0 $w 0 $x 0 $y .i12096180 $z 05-17-01 $h 0 $2 0 $3 0 $k   -  -   $4   -  -  
945    $b   -  -   $c v. 2 $e   -  -   $f 0 $g 1 $i 33086001694074 $j 0 $l bknf  $o - $p $0.00 $q - $r - $s - $t 40 $u 0 $v 0 $w 0 $x 0 $y .i12096192 $z 05-17-01 $h 0 $2 0 $3 0 $k   -  -   $4   -  -  
947 00 $a LTI060707
979    $a Pbook
998    $a bk $b 2001-03-23 $c m $d a $e - $f eng $g enk $h 0 $i 0
999    $a 8 $b 33086002254944 $c 1 $d v. 1 $e Status: on shelf $f 20200612 $g 8 $h Suppress: 0 $j 942.03 R179g $r TOT_CHECKOUT: 0
999    $a 8 $b 33086001694074 $c 1 $d v. 2 $e Status: on shelf $f 20200612 $g 8 $h Suppress: 0 $j 942.03 R179g $r TOT_CHECKOUT: 0

