01344cam a2200373I  4500
001 9952174874001401
005 20220810165231.0
008 770629s1949    enk      b    001 0 engm 
010    $a 50001588
035    $a 116301
035    $a (Mills)ocm03081617 
035    $a (MillsTIND)145716
040    $a DLC $c KLG $d m.c. $d OCL $d SER $d MIQ
049    $a MIQA
050 0  $a DA505 $b .B975
082    $a 942.073
092    $a 942.073 $b B988g
100 1  $a Butterfield, Herbert, $c Sir, $d 1900-1979.
245 10 $a George III, Lord North, and the people, 1779-80.
260    $a London, $b Bell, $c 1949.
300    $a xi, 407 p. $c 22 cm.
504    $a Bibliographical footnotes.
600 00 $a George $b III, $c King of Great Britain, $d 1738-1820.
600 10 $a North, Frederick, $c Lord, $d 1732-1792.
651  0 $a Great Britain $x Politics and government $y 1760-1789.
907    $a .b11599522 $b 2007-06-13 $c 2001-05-17
909 CO $o oai:mills.tind.io:145716 $p GLOBAL_SET
910    $a rcp21
913    $a BIB
945    $b   -  -   $e   -  -   $f 0 $g 1 $i 33086002267581 $j 0 $l bknf  $o - $p $0.00 $q - $r - $s - $t 40 $u 0 $v 0 $w 0 $x 0 $y .i12131325 $z 05-17-01 $h 0 $2 0 $3 0 $k   -  -   $4   -  -  
947 00 $a LTI060707
979    $a Pbook
998    $a bk $b 2001-03-23 $c m $d a $e - $f eng $g enk $h 0 $i 0
999    $a 8 $b 33086002267581 $c 1 $e Status: on shelf $f 20200612 $g 8 $h Suppress: 0 $j 942.073 B988g $r TOT_CHECKOUT: 0

