01383cam a2200373I  4500
001 9952174875701401
005 20220810165233.0
008 741025s1964    xx            000 0 eng u
010    $a 64010854
035    $a 116294
035    $a (Mills)ocm01053779 
035    $a (MillsTIND)145696
040    $c ZGM $d SER $d MIQ
049    $a MIQA
050 0  $a DA501.P3 $b W5
092    $a 942.072 $b W682w
100 1  $a Wilkes, John W. $q (John William), $d 1924-
245 12 $a A Whig in power, $b the political career of Henry Pelham.
260    $a [Evanston, Ill.] $b Northwestern University Press, $c 1964.
300    $a xiii, 298 p. $c 24 cm.
440  0 $a Northwestern University studies in history ; $v no. 3
504    $a Bibliography: p. 277-290.
600 10 $a Pelham, Henry, $d 1695?-1754.
610 20 $a Whig Party (Great Britain)
651  0 $a Great Britain $x Politics and government $y 1727-1760.
907    $a .b11599327 $b 2007-06-13 $c 2001-05-17
909 CO $o oai:mills.tind.io:145696 $p GLOBAL_SET
910    $a rcp21
913    $a BIB
945    $b   -  -   $e   -  -   $f 0 $g 1 $i 33086002267516 $j 0 $l bknf  $o - $p $0.00 $q - $r - $s - $t 40 $u 0 $v 0 $w 0 $x 0 $y .i1213112x $z 05-17-01 $h 0 $2 0 $3 0 $k   -  -   $4   -  -  
947 00 $a LTI060707
979    $a Pbook
998    $a bk $b 2001-03-23 $c m $d a $e - $f eng $g xx  $h 2 $i 0
999    $a 8 $b 33086002267516 $c 1 $e Status: on shelf $f 20200612 $g 8 $h Suppress: 0 $j 942.072 W682w $r TOT_CHECKOUT: 0

