01590cam a2200409I  4500
001 9952174877001401
005 20220810165232.0
008 780303s1939    xx            000 0 eng  
010    $a 39021365
035    $a 116288
035    $a (Mills)ocm03687337 
035    $a (MillsTIND)145679
040    $a DLC $c TLM $d MIQ
041 1  $a engger
049    $a MIQA
050 0  $a DA480 $b .M623
082    $a 942.071
092    $a 942.071 $b M621en
100 1  $a Michael, Wolfgang, $d 1862-1945.
245 10 $a England under George I: $b the quadruple alliance, $c by Wolfgang Michael. Translated and adapted from the German, by Annemarie MacGregor and George E. MacGregor.
246 3  $a Quadruple alliance
260    $a London, $b Macmillan and co., limited, $c 1939.
300    $a vi, 347 p. $b 1 illus. (plan) $c 23 cm.
440  0 $a Studies in modern history
500    $a Abridged translation of v. 2, of the author's Englische geschichte im achtzehnten jahrhundert.
651  0 $a Great Britain $x History $y 18th century.
700 1  $a MacGregor, Annemarie.
700 1  $a MacGregor, George Errington.
907    $a .b11599145 $b 2007-06-13 $c 2001-05-17
909 CO $o oai:mills.tind.io:145679 $p GLOBAL_SET
910    $a rcp21
913    $a BIB
945    $b   -  -   $e   -  -   $f 0 $g 1 $i 33086002267458 $j 0 $l bknf  $o - $p $0.00 $q - $r - $s - $t 40 $u 0 $v 0 $w 0 $x 0 $y .i12130850 $z 05-17-01 $h 0 $2 0 $3 0 $k   -  -   $4   -  -  
947 00 $a LTI060707
979    $a Pbook
998    $a bk $b 2001-03-23 $c m $d a $e - $f eng $g xx  $h 0 $i 0
999    $a 8 $b 33086002267458 $c 1 $e Status: on shelf $f 20200612 $g 8 $h Suppress: 0 $j 942.071 M621en $r TOT_CHECKOUT: 0

