01185cam a2200337I  4500
001 9952174880501401
005 20220810165232.0
008 720906c19581957mau           000 0 eng d
010    $a 57010795
035    $a 116319
035    $a (Mills)ocm00399688 
035    $a (MillsTIND)145758
040    $a WSU $c WSU $d OCL $d MIQ
049    $a MIQA
092    $a 942.073 $b P178p
100 1  $a Palmerston, Henry Temple, $c Viscount, $d 1739-1802.
245 10 $a Portrait of a golden age.
260    $a Boston, $b Houghton Mifflin, $c 1958 [c1957]
300    $a 488 p.
650  0 $a Eighteenth century.
651  0 $a Great Britain $x History $y George III, 1760-1820 $v Sources.
700 1  $a Connell, Brian.
907    $a .b11599972 $b 2007-06-13 $c 2001-05-17
909 CO $o oai:mills.tind.io:145758 $p GLOBAL_SET
910    $a rcp21
913    $a BIB
945    $b   -  -   $e   -  -   $f 0 $g 1 $i 33086002267763 $j 0 $l bknf  $o - $p $0.00 $q - $r - $s - $t 40 $u 0 $v 0 $w 0 $x 0 $y .i12131805 $z 05-17-01 $h 0 $2 0 $3 0 $k   -  -   $4   -  -  
947 00 $a LTI060707
979    $a Pbook
998    $a bk $b 2001-03-23 $c m $d a $e - $f eng $g mau $h 0 $i 0
999    $a 8 $b 33086002267763 $c 1 $e Status: on shelf $f 20200612 $g 8 $h Suppress: 0 $j 942.073 P178p $r TOT_CHECKOUT: 0

