01353cam a2200361I  4500
001 9952174910901401
005 20220810165239.0
008 760920s1937    nyucf         000 0 engm 
010    $a 37028506
035    $a 116425
035    $a (Mills)ocm02453775 
035    $a (MillsTIND)145978
040    $a DLC $c OHI $d SER $d OCL $d WSU $d m/c $d MIQ
049    $a MIQA
050 0  $a DA566.2 $b .G5 1937a
082    $a 942.084
092    $a 942.084 $b G443o
100 1  $a Gibbs, Philip, $d 1877-1962.
245 10 $a Ordeal in England, $c by Philip Gibbs; illustrated by Edgar Lander.
260    $a Garden City, N.Y., $b Doubleday, Doran & Company, inc., $c 1937.
300    $a 5 p. l., 286 p. $b front., plates, port. $c 24 cm.
600 10 $a Windsor, Edward, $c Duke of, $d 1894-1972.
650  0 $a Public opinion $z Great Britain.
651  0 $a Great Britain $x History $y 20th century.
907    $a .b11602302 $b 2007-06-13 $c 2001-05-17
909 CO $o oai:mills.tind.io:145978 $p GLOBAL_SET
910    $a rcp21
913    $a BIB
945    $b   -  -   $e   -  -   $f 0 $g 1 $i 33086002268860 $j 0 $l bknf  $o - $p $0.00 $q - $r - $s - $t 40 $u 0 $v 0 $w 0 $x 0 $y .i12134284 $z 05-17-01 $h 0 $2 0 $3 0 $k   -  -   $4   -  -  
947 00 $a LTI060707
979    $a Pbook
998    $a bk $b 2001-03-23 $c m $d a $e - $f eng $g nyu $h 0 $i 0
999    $a 8 $b 33086002268860 $c 1 $e Status: on shelf $f 20200612 $g 8 $h Suppress: 0 $j 942.084 G443o $r TOT_CHECKOUT: 0

