01516cam a2200385I  4500
001 9952175458901401
005 20220810165742.0
008 711216s1963    mau      b    000 0 engm 
010    $a 63019140 //r64
035    $a 56246
035    $a (Mills)ocm00183755 
035    $a (MillsTIND)149200
040    $a DLC $c HIR $d SER $d m.c. $d MIQ
049    $a MIQA
050 0  $a JC599.U5 $b L45
082    $a 323.4
092    $a 323.4 $b L668j
100 1  $a Levy, Leonard W. $q (Leonard Williams), $d 1923-2006.
245 10 $a Jefferson & civil liberties; $b the darker side.
260    $a Cambridge, $b Belknap Press of Harvard University Press, $c 1963.
300    $a xv, 225 p. $c 22 cm.
490 1  $a A publication of the Center for the Study of the History of Liberty in America, Harvard University
504    $a Bibliography: p. 179-186.
600 10 $a Jefferson, Thomas, $d 1743-1826.
650  0 $a Civil rights $z United States.
830  0 $a Publication (Harvard University. Center for the Study of the History of Liberty in America)
907    $a .b11636944 $b 2007-06-13 $c 2001-05-17
909 CO $o oai:mills.tind.io:149200 $p GLOBAL_SET
910    $a rcp14
913    $a BIB
945    $b   -  -   $e   -  -   $f 0 $g 1 $i 33086000669390 $j 0 $l bknf  $o - $p $0.00 $q - $r - $s - $t 40 $u 0 $v 0 $w 0 $x 0 $y .i12176916 $z 05-17-01 $h 0 $2 0 $3 0 $k   -  -   $4   -  -  
947 00 $a LTI060707
979    $a Pbook
998    $a bk $b 2001-03-23 $c m $d a $e - $f eng $g mau $h 0 $i 0
999    $a 8 $b 33086000669390 $c 1 $e Status: on shelf $f 20200612 $g 8 $h Suppress: 0 $j 323.4 L668j $r TOT_CHECKOUT: 0

