01471cam a2200385I  4500
001 9952175485101401
005 20220810165748.0
008 720817s1951    mau      b    001 0 enge 
010    $a 51010449
020    $a 0674344804
035    $a 56320
035    $a (Mills)ocm00384279 
035    $a (MillsTIND)149333
040    $a DLC $c WSU $d OCL $d SER $d m.c. $d MIQ
049    $a MIQA
050 0  $a BS657 $b .G55
082    $a 213
092    $a 215 $b G481g
100 1  $a Gillispie, Charles Coulston.
245 10 $a Genesis and geology, $b a study in the relations of scientific thought, natural theology, and social opinion in Great Britain, 1790-1850.
260    $a Cambridge, $b Harvard University Press, $c 1951.
300    $a xiii, 315 p. $c 22 cm.
440  0 $a Harvard historical studies ; $v v. 58
504    $a "Bibliographical essay": p. [229]-258. Bibliographical references included in "Notes" (p. [259]-302)
650  0 $a Religion and science $x History.
650  0 $a Geology.
907    $a .b11638291 $b 2007-06-13 $c 2001-05-17
909 CO $o oai:mills.tind.io:149333 $p GLOBAL_SET
910    $a rcp16
913    $a BIB
945    $b   -  -   $e   -  -   $f 0 $g 1 $i 33086000670158 $j 0 $l bknf  $o - $p $0.00 $q - $r - $s - $t 40 $u 0 $v 0 $w 0 $x 0 $y .i12178640 $z 05-17-01 $h 0 $2 0 $3 0 $k   -  -   $4   -  -  
947 00 $a LTI060707
979    $a Pbook
998    $a bk $b 2001-03-23 $c m $d a $e - $f eng $g mau $h 0 $i 0
999    $a 8 $b 33086000670158 $c 1 $e Status: on shelf $f 20200612 $g 8 $h Suppress: 0 $j 215 G481g $r TOT_CHECKOUT: 0

