01257cam a2200349I  4500
001 9952175490801401
005 20220810165753.0
008 721116s1965    mouc     b   s000 0beng  
010    $a 65021795
035    $a 56233
035    $a (Mills)ocm00497581 
035    $a (MillsTIND)149181
040    $a DLC $c WSU $d SER $d MIQ
049    $a MIQA
082    $a 324.40924
092    $a 323.4 $b K32d
100 1  $a Kemper, Donald J., $d 1929-
245 10 $a Decade of fear; $b Senator Hennings and civil liberties, $c by Donald J. Kemper.
260    $a Columbia, $b University of Missouri Press $c [1965]
300    $a xi, 252 p. $b port. $c 23 cm.
504    $a Bibliography: p. 216-236.
600 10 $a Hennings, Thomas Carey, $d 1903-1960.
650  0 $a Civil rights $z United States.
907    $a .b11636750 $b 2007-06-13 $c 2001-05-17
909 CO $o oai:mills.tind.io:149181 $p GLOBAL_SET
910    $a rcp14
913    $a BIB
945    $b   -  -   $e   -  -   $f 0 $g 1 $i 33086000669267 $j 0 $l bknf  $o - $p $0.00 $q - $r - $s - $t 40 $u 0 $v 0 $w 0 $x 0 $y .i12176722 $z 05-17-01 $h 0 $2 0 $3 0 $k   -  -   $4   -  -  
947 00 $a LTI060707
979    $a Pbook
998    $a bk $b 2001-03-23 $c m $d a $e - $f eng $g mou $h 0 $i 0
999    $a 8 $b 33086000669267 $c 1 $e Status: on shelf $f 20200612 $g 8 $h Suppress: 0 $j 323.4 K32d $r TOT_CHECKOUT: 0

