01255cam a2200337I  4500
001 9952175499701401
005 20220810165754.0
008 730920s1931    nyuc          100 0 engm 
010    $a 31030634
035    $a 56316
035    $a (Mills)ocm00692214 
035    $a (MillsTIND)149327
040    $a DLC $c HUC $d SER $d MIQ
049    $a MIQA
050 0  $a BL240 $b .C68
082    $a 215.04
092    $a 215 $b C851h
100 1  $a Cotton, Edward Howe, $d 1881-1942.
245 10 $a Has science discovered God? $b A symposium of modern scientific opinion, $c gathered and edited by Edward H. Cotton.
260    $a New York, $b Thomas Y. Crowell Company $c [c1931]
300    $a lviii, 308 p. $b front., ports. $c 23 cm.
650  0 $a Religion and science $x History $y 20th century.
907    $a .b11638230 $b 2007-06-13 $c 2001-05-17
909 CO $o oai:mills.tind.io:149327 $p GLOBAL_SET
910    $a rcp16
913    $a BIB
945    $b   -  -   $e   -  -   $f 0 $g 1 $i 33086000670117 $j 0 $l bknf  $o - $p $0.00 $q - $r - $s - $t 40 $u 0 $v 0 $w 0 $x 0 $y .i12178585 $z 05-17-01 $h 0 $2 0 $3 0 $k   -  -   $4   -  -  
947 00 $a LTI060707
979    $a Pbook
998    $a bk $b 2001-03-23 $c m $d a $e - $f eng $g nyu $h 0 $i 0
999    $a 8 $b 33086000670117 $c 1 $e Status: on shelf $f 20200612 $g 8 $h Suppress: 0 $j 215 C851h $r TOT_CHECKOUT: 0

