01193cam a2200361I  4500
001 9952175501101401
005 20220810165748.0
008 720808s1964    nyu      b    000 0 eng  
010    $a 64014362
035    $a 56229
035    $a (Mills)ocm00374907 
035    $a (MillsTIND)149174
040    $a DLC $c WSU $d SER $d m.c. $d MIQ
049    $a MIQA
050 0  $a BL2747 $b .M3
082    $a 210
092    $a 210 $b M388v
100 1  $a Marty, Martin E., $d 1928-
245 10 $a Varieties of unbelief $c [by] Martin E. Marty.
250    $a [1st ed.]
260    $a New York, $b Holt, Rinehart and Winston $c [1964]
300    $a 231 p. $c 22 cm.
504    $a Includes bibliographies.
650  0 $a Irreligion.
907    $a .b11636683 $b 2007-06-13 $c 2001-05-17
909 CO $o oai:mills.tind.io:149174 $p GLOBAL_SET
910    $a rcp16
913    $a BIB
945    $b   -  -   $e   -  -   $f 0 $g 1 $i 33086000669226 $j 0 $l bknf  $o - $p $0.00 $q - $r - $s - $t 40 $u 0 $v 0 $w 0 $x 0 $y .i12176655 $z 05-17-01 $h 0 $2 0 $3 0 $k   -  -   $4   -  -  
947 00 $a LTI060707
979    $a Pbook
998    $a bk $b 2001-03-23 $c m $d a $e - $f eng $g nyu $h 0 $i 0
999    $a 8 $b 33086000669226 $c 1 $e Status: on shelf $f 20200612 $g 8 $h Suppress: 0 $j 210 M388v $r TOT_CHECKOUT: 0

