01353cam a2200385I  4500
001 9952175513501401
005 20220810165756.0
008 740306s1960    nyu      b    000 0 eng  
010    $a 60012715 /L
035    $a 56312
035    $a (Mills)ocm00823054 
035    $a (MillsTIND)149319
040    $a DLC $c BSC $d OCL $d m.c. $d MIQ
049    $a MIQA
050    $a BL240.2 $b .B35
082    $a 215
092    $a 215 $b B239c
100 1  $a Barbour, Ian G.
245 10 $a Christianity and the scientist.
260    $a New York, $b Association Press $c [c1960]
300    $a 128 p. $c 20 cm.
490 1  $a The Haddam House series on the Christian in his vocation
500    $a A Haddam House Book.
504    $a Includes bibliography.
650  0 $a Religion and science $x History $y 20th century.
830  0 $a Haddam House series on the Christian in his vocation.
907    $a .b11638151 $b 2007-06-13 $c 2001-05-17
909 CO $o oai:mills.tind.io:149319 $p GLOBAL_SET
910    $a rcp16
913    $a BIB
945    $b   -  -   $e   -  -   $f 0 $g 1 $i 33086000670075 $j 0 $l bknf  $o - $p $0.00 $q - $r - $s - $t 40 $u 0 $v 0 $w 0 $x 0 $y .i12178500 $z 05-17-01 $h 0 $2 0 $3 0 $k   -  -   $4   -  -  
947 00 $a LTI060707
979    $a Pbook
998    $a bk $b 2001-03-23 $c m $d a $e - $f eng $g nyu $h 0 $i 0
999    $a 8 $b 33086000670075 $c 1 $e Status: on shelf $f 20200612 $g 8 $h Suppress: 0 $j 215 B239c $r TOT_CHECKOUT: 0

