01255cam a2200349I  4500
001 9952175622901401
005 20220810165821.0
008 720804s1958    ctu           000 0 eng  
010    $a 58006548
035    $a 56346
035    $a (Mills)ocm00374293 
035    $a (MillsTIND)149379
040    $a DLC $c WSU $d OCL $d m.c. $d OCL $d MIQ
049    $a MIQA
050 0  $a BL245 $b .W4
092    $a 215 $b W527s
100 1  $a Westfall, Richard S.
245 10 $a Science and religion in seventeenth-century England.
260    $a New Haven, $b Yale University Press $c [1958]
300    $a 235 p.
440  0 $a Yale historical publications. $p Miscellany ; $v 67
650  0 $a Religion and science $z England $x History.
651  0 $a Great Britain $x Church history $y 17th century.
907    $a .b11638771 $b 2007-06-13 $c 2001-05-17
909 CO $o oai:mills.tind.io:149379 $p GLOBAL_SET
910    $a rcp16
913    $a BIB
945    $b   -  -   $e   -  -   $f 0 $g 1 $i 33086000670414 $j 0 $l bknf  $o - $p $0.00 $q - $r - $s - $t 40 $u 0 $v 0 $w 0 $x 0 $y .i12179401 $z 05-17-01 $h 0 $2 0 $3 0 $k   -  -   $4   -  -  
947 00 $a LTI060707
979    $a Pbook
998    $a bk $b 2001-03-23 $c m $d a $e - $f eng $g ctu $h 0 $i 0
999    $a 8 $b 33086000670414 $c 1 $e Status: on shelf $f 20200612 $g 8 $h Suppress: 0 $j 215 W527s $r TOT_CHECKOUT: 0

