01400nam a2200385I  4500
001 9952175717901401
005 20220810165845.0
008 781102s1955    pau      b    001 0 eng  
010    $a 55007705
035    $a 56176
035    $a (Mills)ocm04340812 
035    $a (MillsTIND)149090
040    $a DLC $c VYN $d m.c. $d MIQ
049    $a MIQA
050 0  $a BR331.E5 $b T3
082    $a 242.4
092    $a 208 $b L697r
100 1  $a Luther, Martin, $d 1483-1546.
245 10 $a Letters of spiritual counsel. $c Edited and translated by Theodore G. Tappert.
260    $a Philadelphia, $b Westminster Press $c [1955]
300    $a 367 p. $c 24 cm.
490 1  $a The Library of Christian classics, v.18
504    $a Bibliography: p. 350-353.
650  0 $a Consolation.
700 1  $a Tappert, Theodore G. $q (Theodore Gerhardt), $d 1904-1973.
830  0 $a Library of Christian classics (Philadelphia, Pa.) ; $v v. 18.
907    $a .b11635848 $b 2007-06-13 $c 2001-05-17
909 CO $o oai:mills.tind.io:149090 $p GLOBAL_SET
910    $a rcp16
913    $a BIB
945    $b   -  -   $e   -  -   $f 0 $g 1 $i 33086000668632 $j 0 $l bknf  $o - $p $0.00 $q - $r - $s - $t 40 $u 0 $v 0 $w 0 $x 0 $y .i12175705 $z 05-17-01 $h 0 $2 0 $3 0 $k   -  -   $4   -  -  
947 00 $a LTI060707
979    $a Pbook
998    $a bk $b 2001-03-23 $c m $d a $e - $f eng $g pau $h 0 $i 0
999    $a 8 $b 33086000668632 $c 1 $e Status: on shelf $f 20200612 $g 8 $h Suppress: 0 $j 208 L697r $r TOT_CHECKOUT: 0

