01522nam a2200385I  4500
001 9952175719401401
005 20220810165839.0
008 781102s1962    pau      b    001 0 eng  
010    $a 62012358
035    $a 56174
035    $a (Mills)ocm04341259 
035    $a (MillsTIND)149086
040    $a DLC $c VYN $d m.c. $d MIQ
049    $a MIQA
050 0  $a BR330 $b .E4 1962
082    $a 230.41
092    $a 208 $b L697p
100 1  $a Luther, Martin, $d 1483-1546.
245 10 $a Early theological works. $c Edited and translated by James Atkinson.
260    $a Philadelphia, $b Westminster Press $c [1962]
300    $a 380 p. $c 24 cm.
490 1  $a The Library of Christian classics, $v v. 16
505 0  $a Lectures on the Epistle to the Hebrews, 1517-18.--Disputation against scholastic theology, 1517.--The Heidelberg disputation, 1518.--Answer to Latomus, 1521.--Bibliography (p. 365-366).
650  0 $a Theology.
700 1  $a Atkinson, James, $d 1914-
830  0 $a Library of Christian classics (Philadelphia, Pa.) ; $v v. 16.
907    $a .b11635800 $b 2007-06-13 $c 2001-05-17
909 CO $o oai:mills.tind.io:149086 $p GLOBAL_SET
910    $a rcp16
913    $a BIB
945    $b   -  -   $e   -  -   $f 0 $g 1 $i 33086000668616 $j 0 $l bknf  $o - $p $0.00 $q - $r - $s - $t 40 $u 0 $v 0 $w 0 $x 0 $y .i12175663 $z 05-17-01 $h 0 $2 0 $3 0 $k   -  -   $4   -  -  
947 00 $a LTI060707
979    $a Pbook
998    $a bk $b 2001-03-23 $c m $d a $e - $f eng $g pau $h 0 $i 0
999    $a 8 $b 33086000668616 $c 1 $e Status: on shelf $f 20200612 $g 8 $h Suppress: 0 $j 208 L697p $r TOT_CHECKOUT: 0

