01406nam a2200373I  4500
001 9952175725701401
005 20220810165839.0
008 781106s1957    pau      b    001 0 eng  
010    $a 57005015
035    $a 56162
035    $a (Mills)ocm04348719 
035    $a (MillsTIND)149066
040    $a DLC $c VYN $d m.c. $d MIQ
049    $a MIQA
050 0  $a BR50 $b .M18 1957
082    $a 230.082
092    $a 208 $b L697i
100 1  $a McCracken, George Englert, $d 1904-
245 10 $a Early medieval theology. $c Newly translated and edited by George E. McCracken in collaboration with Allen Cabaniss.
260    $a Philadelphia, $b Westminster Press $c [1957]
300    $a 430 p. $c 24 cm.
490 1  $a The Library of Christian classics, $v v. 9
504    $a Includes bibliographies.
650  0 $a Theology $x History $y Middle Ages, 600-1500.
830  0 $a Library of Christian classics (Philadelphia, Pa.) ; $v v. 9.
907    $a .b11635605 $b 2007-06-13 $c 2001-05-17
909 CO $o oai:mills.tind.io:149066 $p GLOBAL_SET
910    $a rcp16
913    $a BIB
945    $b   -  -   $e   -  -   $f 0 $g 1 $i 33086000668491 $j 0 $l bknf  $o - $p $0.00 $q - $r - $s - $t 40 $u 0 $v 0 $w 0 $x 0 $y .i12175468 $z 05-17-01 $h 0 $2 0 $3 0 $k   -  -   $4   -  -  
947 00 $a LTI060707
979    $a Pbook
998    $a bk $b 2001-03-23 $c m $d a $e - $f eng $g pau $h 0 $i 0
999    $a 8 $b 33086000668491 $c 1 $e Status: on shelf $f 20200612 $g 8 $h Suppress: 0 $j 208 L697i $r TOT_CHECKOUT: 0

