01161nam a22003611  4500
001 9952175745501401
005 20220810165838.0
008 740625s1966    nyu           000 0 eng  
010    $a 66028018
035    $a 55894
035    $a (Mills)ocm00264358 
035    $a (MillsTIND)148684
040    $a DLC $c DLC $d m.c. $d MIQ
049    $a MIQA
050 0  $a BL51 $b .H49 1966
082    $a 201
092    $a 201 $b H627f2
100 1  $a Hick, John.
245 10 $a Faith and knowledge.
250    $a 2d ed.
260    $a Ithaca, N.Y., $b Cornell University Press $c [1966]
300    $a x, 268 p. $c 23 cm.
650  0 $a Knowledge, Theory of (Religion)
650  0 $a Faith.
907    $a .b11631119 $b 2007-06-13 $c 2001-05-17
909 CO $o oai:mills.tind.io:148684 $p GLOBAL_SET
910    $a rcp16
913    $a BIB
945    $b   -  -   $e   -  -   $f 0 $g 1 $i 33086000665752 $j 0 $l bknf  $o - $p $0.00 $q - $r - $s - $t 40 $u 0 $v 0 $w 0 $x 0 $y .i12170549 $z 05-17-01 $h 0 $2 0 $3 0 $k   -  -   $4   -  -  
947 00 $a LTI060707
979    $a Pbook
998    $a bk $b 2001-03-23 $c m $d a $e - $f eng $g nyu $h 0 $i 0
999    $a 8 $b 33086000665752 $c 1 $e Status: on shelf $f 20200612 $g 8 $h Suppress: 0 $j 201 H627f2 $r TOT_CHECKOUT: 0

