01841nam a2200349I  4500
001 9952175751301401
005 20220810165840.0
008 751208s1925    nyu           000 0 eng  
010    $a 25024300
035    $a 56332
035    $a (Mills)ocm01882400 
035    $a (MillsTIND)149352
040    $a DLC $c FQG $d m.c. $d MIQ
049    $a MIQA
050 0  $a BL240 $b .N4 1925a
092    $a 215 $b N374s
100 1  $a Needham, Joseph, $d 1900-1995.
245 10 $a Science, religion and reality $c [by] Arthur James, earl of Balfour ... Bronislaw Malinowski ... [and others] edited by Joseph Needham.
260    $a New York, $b The Macmillan company, $c 1925.
300    $a 6 p. l., [3]-396 p. $c 23 cm.
505 1  $a Introduction, by Arthur James, earl of Balfour.--Magic, science and religion, by B. Malinowski.--Historical relations of religion and science, by C. Singer.--Science and religion in the nineteenth century, by A. Aliotta.--The domain of physical science, by A. S. Eddington.--Mechanistic biology and the religious consciousness, by J. Needham.--The sphere of religion, by J. W. Oman.--Religion and psychology, by W. Brown.--Science, Christianity and modern civilization, by C. C. J. Webb.--Conclusion, by W. R. Inge.
650  0 $a Religion and science $x History $y 20th century.
700 1  $a Balfour, Arthur James Balfour, $c Earl of, $d 1848-1930.
907    $a .b11638503 $b 2007-06-13 $c 2001-05-17
909 CO $o oai:mills.tind.io:149352 $p GLOBAL_SET
910    $a rcp16
913    $a BIB
945    $b   -  -   $e   -  -   $f 0 $g 1 $i 33086000670273 $j 0 $l bknf  $o - $p $0.00 $q - $r - $s - $t 40 $u 0 $v 0 $w 0 $x 0 $y .i12178913 $z 05-17-01 $h 0 $2 0 $3 0 $k   -  -   $4   -  -  
947 00 $a LTI060707
979    $a Pbook
998    $a bk $b 2001-03-23 $c m $d a $e - $f eng $g nyu $h 0 $i 0
999    $a 8 $b 33086000670273 $c 1 $e Status: on shelf $f 20200612 $g 8 $h Suppress: 0 $j 215 N374s $r TOT_CHECKOUT: 0

