01326cam a2200337I  4500
001 9952175767401401
005 20220810165838.0
008 740424s1954    nyu           000 0 eng d
035    $a 58743
035    $a (Mills)ocm00865249 
035    $a (MillsTIND)153258
040    $a OSU $c OSU $d NRC $d MIQ
049    $a MIQA
092    $a 323.352 $b O29s
100 1  $a Oeser, O. A. $q (Oscar Adolf), $d 1904-
245 10 $a Social structure and personality in a city, $c edited by O. A. Oeser and S. B. Hammond.
260    $a New York, $b Macmillan Co., $c 1954.
300    $a xxii, 344 p. $c 23 cm.
440  0 $a Studies of social behaviour ; $v v. 1
650  0 $a Cities and towns $z Australia $v Case studies.
651  0 $a Australia $x Social conditions $v Case studies.
700 1  $a Hammond, Samuel Battle. $t Social structure and personality in a city.
907    $a .b11679426 $b 2007-06-13 $c 2001-05-17
909 CO $o oai:mills.tind.io:153258 $p GLOBAL_SET
910    $a rcp12
913    $a BIB
945    $b   -  -   $e   -  -   $f 0 $g 1 $i 33086000695791 $j 0 $l bknf  $o - $p $0.00 $q - $r - $s - $t 40 $u 0 $v 0 $w 0 $x 0 $y .i12228771 $z 05-17-01 $h 0 $2 0 $3 0 $k   -  -   $4   -  -  
947 00 $a LTI060707
979    $a Pbook
998    $a bk $b 2001-03-23 $c m $d a $e - $f eng $g nyu $h 0 $i 0
999    $a 8 $b 33086000695791 $c 1 $e Status: on shelf $f 20200612 $g 8 $h Suppress: 0 $j 323.352 O29s $r TOT_CHECKOUT: 0

