01193cam a2200349Ia 4500
001 9952175773201401
005 20220810165853.0
008 720313s1962    nyua          000 0 engm 
010    $a 62015341 /L
035    $a 58725
035    $a (Mills)ocm00261382 
035    $a (MillsTIND)153229
040    $a DLC $c WSU $d OCL $d SLU $d MIQ
049    $a MIQA
050 0  $a HT151 $b .G84
082    $a 301.36
092    $a 323.352 $b G984t
100 1  $a Gutkind, Erwin Anton, $d 1886-1968.
245 14 $a The twilight of cities / $c E.A. Gutkind.
260    $a New York : $b Free Press of Glencoe, $c c1962.
300    $a x, 201 p. : $b ill. ; $c 21 cm.
650  0 $a Sociology, Urban.
650  0 $a Cities and towns.
907    $a .b11679116 $b 2007-06-13 $c 2001-05-17
909 CO $o oai:mills.tind.io:153229 $p GLOBAL_SET
910    $a rcp12
913    $a BIB
945    $b   -  -   $e   -  -   $f 0 $g 1 $i 33086000695593 $j 0 $l bknf  $o - $p $0.00 $q - $r - $s - $t 40 $u 0 $v 0 $w 0 $x 0 $y .i12228394 $z 05-17-01 $h 0 $2 0 $3 0 $k   -  -   $4   -  -  
947 00 $a LTI060707
979    $a Pbook
998    $a bk $b 2001-03-23 $c m $d a $e - $f eng $g nyu $h 4 $i 0
999    $a 8 $b 33086000695593 $c 1 $e Status: on shelf $f 20200612 $g 8 $h Suppress: 0 $j 323.352 G984t $r TOT_CHECKOUT: 0

