01357cam a2200385   4500
001 9952175878601401
005 20220810170259.0
008 691218s1969    nyu      b    001 0 eng  
010    $a 76083331 //r84
020    $c 5.95
035    $a 58713
035    $a (Mills)ocm00047194 
035    $a (MillsTIND)153207
040    $a DLC $c DLC $d MIQ
049    $a MIQA
050 0  $a HT123 $b .C35
082    $a 309.1/73
092    $a 323.352 $b C234s
100 1  $a Canty, Donald.
245 12 $a A single society; $b alternatives to urban apartheid.
260    $a New York, $b Praeger Publishers $c [1969]
300    $a ix, 181 p. $c 22 cm.
504    $a Bibliographical references included in "Notes" (p. 178-181)
650  0 $a Cities and towns $z United States.
650  0 $a African Americans $x Social conditions $y 1964-1975.
651  0 $a United States $x Race relations.
907    $a .b11678896 $b 2007-06-13 $c 2001-05-17
909 CO $o oai:mills.tind.io:153207 $p GLOBAL_SET
910    $a rcp12
913    $a BIB
945    $b   -  -   $e   -  -   $f 0 $g 1 $i 33086000695478 $j 0 $l bknf  $o - $p $0.00 $q - $r - $s - $t 40 $u 0 $v 0 $w 0 $x 0 $y .i12228138 $z 05-17-01 $h 0 $2 0 $3 0 $k   -  -   $4   -  -  
947 00 $a LTI060707
979    $a Pbook
998    $a bk $b 2001-03-23 $c m $d a $e - $f eng $g nyu $h 2 $i 0
999    $a 8 $b 33086000695478 $c 1 $e Status: on shelf $f 20200612 $g 8 $h Suppress: 0 $j 323.352 C234s $r TOT_CHECKOUT: 0

