01230cam a2200361I  4500
001 9952176013101401
005 20220810170333.0
008 740723s1951    nyu      b    000 0 eng  
010    $a 51009093
035    $a 59282
035    $a (Mills)ocm00959352 
035    $a (MillsTIND)154209
040    $a DLC $c OUN $d m.c. $d OCL $d MIQ
049    $a MIQA
050 0  $a JC328 $b .B3
082    $a 323.44
092    $a 323.4 $b B284L
100 1  $a Barth, Alan.
245 14 $a The loyalty of free men. $b Foreword by Zechariah Chafee, Jr.
260    $a New York, $b Viking Press, $c 1951.
300    $a xxxi, 253 p. $c 22 cm.
504    $a Bibliographical footnotes.
650  0 $a Allegiance $z United States.
650  0 $a Civil rights $z United States.
907    $a .b11689341 $b 2007-06-13 $c 2001-05-17
909 CO $o oai:mills.tind.io:154209 $p GLOBAL_SET
910    $a rcp12
913    $a BIB
945    $b   -  -   $e   -  -   $f 0 $g 1 $i 33086000701375 $j 0 $l bknf  $o - $p $0.00 $q - $r - $s - $t 40 $u 0 $v 0 $w 0 $x 0 $y .i12240345 $z 05-17-01 $h 0 $2 0 $3 0 $k   -  -   $4   -  -  
947 00 $a LTI060707
979    $a Pbook
998    $a bk $b 2001-03-23 $c m $d a $e - $f eng $g nyu $h 4 $i 0
999    $a 8 $b 33086000701375 $c 1 $e Status: on shelf $f 20200612 $g 8 $h Suppress: 0 $j 323.4 B284L $r TOT_CHECKOUT: 0

