01338cam a2200385I  4500
001 9952176016001401
005 20220810170344.0
008 721212s1949    nyuab    b    001 0 engmd
010    $a 49007411
035    $a 59259
035    $a (Mills)ocm00513173 
035    $a (MillsTIND)154180
040    $a CSU $c CSU $d VPI $d MIQ
049    $a MIQA
050    $a HT421 $b .T28
082    $a 323.354
092    $a 323.354 $b T239ru
100 1  $a Taylor, Carl C. $q (Carl Cleveland), $d 1884-1975.
245 10 $a Rural life in the United States, $c by Carl C. Taylor [and others.
250    $a 1st ed.]
260    $a New York, $b A. A. Knopf, $c 1949.
300    $a xviii, 549, xii p. $b illus., maps. $c 25 cm.
500    $a Includes index.
504    $a Bibliography: p. 535-549.
650  0 $a Sociology, Rural.
650  0 $a Country life $z United States.
907    $a .b11689018 $b 2007-06-13 $c 2001-05-17
909 CO $o oai:mills.tind.io:154180 $p GLOBAL_SET
910    $a rcp12
913    $a BIB
945    $b   -  -   $e   -  -   $f 0 $g 1 $i 33086000701136 $j 0 $l bknf  $o - $p $0.00 $q - $r - $s - $t 40 $u 0 $v 0 $w 0 $x 0 $y .i12239999 $z 05-17-01 $h 0 $2 0 $3 0 $k   -  -   $4   -  -  
947 00 $a LTI060707
979    $a Pbook
998    $a bk $b 2001-03-23 $c m $d a $e - $f eng $g nyu $h 0 $i 0
999    $a 8 $b 33086000701136 $c 1 $e Status: on shelf $f 20200612 $g 8 $h Suppress: 0 $j 323.354 T239ru $r TOT_CHECKOUT: 0

