01628cam a2200445   4500
001 9952176016801401
005 20220810170345.0
008 700325s1970    nju      b    101 0 eng  
010    $a 79104842 //r82
020    $a 0138444803 $c 5.95
035    $a 59187
035    $a (Mills)ocm00061794 
035    $a (MillsTIND)154070
040    $a DLC $c DLC $d m.c. $d MIQ
043    $a n-us---
049    $a MIQA
050 0  $a JK2408 $b .S84
082    $a 309.2/6/0973
092    $a 323.352 $b S797
245 04 $a The States and the urban crisis. $c [Edited by Alan K. Campbell]
260    $a Englewood Cliffs, N.J., $b Prentice-Hall $c [1970]
300    $a vi, 215 p. $c 22 cm.
490 1  $a A Spectrum book
500    $a At head of title: The American Assembly, Columbia University.
500    $a Intended as background reading for the 36th American Assembly, Arden House, Harriman, N.Y., October 1969.
504    $a Bibliography: p. 210-212.
650  0 $a State-local relations $z United States.
650  0 $a City planning $z United States.
700 1  $a Campbell, Alan K.
710 2  $a American Assembly.
830  0 $a Spectrum book.
907    $a .b11687794 $b 2007-06-13 $c 2001-05-17
909 CO $o oai:mills.tind.io:154070 $p GLOBAL_SET
910    $a rcp12
913    $a BIB
945    $b   -  -   $e   -  -   $f 0 $g 1 $i 33086000700393 $j 0 $l bknf  $o - $p $0.00 $q - $r - $s - $t 40 $u 0 $v 0 $w 0 $x 0 $y .i12238570 $z 05-17-01 $h 0 $2 0 $3 0 $k   -  -   $4   -  -  
947 00 $a LTI060707
979    $a Pbook
998    $a bk $b 2001-03-23 $c m $d a $e - $f eng $g nju $h 4 $i 0
999    $a 8 $b 33086000700393 $c 1 $e Status: on shelf $f 20200612 $g 8 $h Suppress: 0 $j 323.352 S797 $r TOT_CHECKOUT: 0

