01166nam a22003491  4500
001 9952176017101401
005 20220810170340.0
008 730904s1960    ilu      b    000 0 eng  
010    $a 60010903 /L
035    $a 59185
035    $a (Mills)ocm00261077 
035    $a (MillsTIND)154067
040    $a DLC $c DLC $d m.c. $d MIQ
049    $a MIQA
050 0  $a HT113 $b .S5
082    $a 301.36
092    $a 323.352 $b S625p
100 1  $a Sjoberg, Gideon.
245 14 $a The preindustrial city, past and present.
260    $a Glencoe, Ill., $b Free Press $c [1960]
300    $a 353 p. $c 22 cm.
504    $a Includes bibliography.
650  0 $a Cities and towns $x History.
907    $a .b11687769 $b 2007-06-13 $c 2001-05-17
909 CO $o oai:mills.tind.io:154067 $p GLOBAL_SET
910    $a rcp12
913    $a BIB
945    $b   -  -   $e   -  -   $f 0 $g 1 $i 33086000700377 $j 0 $l bknf  $o - $p $0.00 $q - $r - $s - $t 40 $u 0 $v 0 $w 0 $x 0 $y .i12238545 $z 05-17-01 $h 0 $2 0 $3 0 $k   -  -   $4   -  -  
947 00 $a LTI060707
979    $a Pbook
998    $a bk $b 2001-03-23 $c m $d a $e - $f eng $g ilu $h 4 $i 0
999    $a 8 $b 33086000700377 $c 1 $e Status: on shelf $f 20200612 $g 8 $h Suppress: 0 $j 323.352 S625p $r TOT_CHECKOUT: 0

