01379cam a2200361I  4500
001 9952176116201401
005 20220810170429.0
008 720313s1956    nyua     b    000 0 eng  
010    $a 56009099
035    $a 59223
035    $a (Mills)ocm00261395 
035    $a (MillsTIND)154125
040    $a DLC $c WSU $d SER $d MIQ
049    $a MIQA
050 0  $a HT351 $b .S3
082    $a 323.353 $a 301.36*
092    $a 323.353 $b S452c
100 1  $a Seeley, John R.
245 10 $a Crestwood Heights; $b a study of the culture of suburban life $c [by] John R. Seeley, R. Alexander Sim [and] Elizabeth W. Loosley. Introd. by David Riesman.
250    $a [1st ed.]
260    $a New York, $b Basic Books $c [1956]
300    $a xv, 505 p. $b illus. $c 24 cm.
504    $a Bibliographical references included in "Notes" (p. [437]-494) "Contributory studies": p. 497-498.
650  0 $a Suburban life.
907    $a .b11688385 $b 2007-06-13 $c 2001-05-17
909 CO $o oai:mills.tind.io:154125 $p GLOBAL_SET
910    $a rcp12
913    $a BIB
945    $b   -  -   $e   -  -   $f 0 $g 1 $i 33086000700757 $j 0 $l bknf  $o - $p $0.00 $q - $r - $s - $t 40 $u 0 $v 0 $w 0 $x 0 $y .i12239185 $z 05-17-01 $h 0 $2 0 $3 0 $k   -  -   $4   -  -  
947 00 $a LTI060707
979    $a Pbook
998    $a bk $b 2001-03-23 $c m $d a $e - $f eng $g nyu $h 0 $i 0
999    $a 8 $b 33086000700757 $c 1 $e Status: on shelf $f 20200612 $g 8 $h Suppress: 0 $j 323.353 S452c $r TOT_CHECKOUT: 0

