01180cam a2200361I  4500
001 9952176117501401
005 20220810170426.0
008 721116s1956    pau           000 0 eng  
010    $a 56006563
020    $a 0837165369
035    $a 59295
035    $a (Mills)ocm00497452 
035    $a (MillsTIND)154226
040    $a DLC $c WSU $d m.c. $d OCL $d MIQ
049    $a MIQA
050 0  $a JC599.U5 $b C48 1956
082    $a 323.4/0973
092    $a 323.4 $b C433b
100 1  $a Chafee, Zechariah, $d 1885-1957.
245 14 $a The blessings of liberty.
260    $a Philadelphia, $b Lippincott $c [1956]
300    $a 350 p.
650  0 $a Civil rights $z United States.
650  0 $a Liberty.
907    $a .b11689523 $b 2007-06-13 $c 2001-05-17
909 CO $o oai:mills.tind.io:154226 $p GLOBAL_SET
910    $a rcp12
913    $a BIB
945    $b   -  -   $e   -  -   $f 0 $g 1 $i 33086000701516 $j 0 $l bknf  $o - $p $0.00 $q - $r - $s - $t 40 $u 0 $v 0 $w 0 $x 0 $y .i12240527 $z 05-17-01 $h 0 $2 0 $3 0 $k   -  -   $4   -  -  
947 00 $a LTI060707
979    $a Pbook
998    $a bk $b 2001-03-23 $c m $d a $e - $f eng $g pau $h 4 $i 0
999    $a 8 $b 33086000701516 $c 1 $e Status: on shelf $f 20200612 $g 8 $h Suppress: 0 $j 323.4 C433b $r TOT_CHECKOUT: 0

