01528nam a22003971  4500
001 9952176140801401
005 20220810170442.0
008 731030s1964    nyuab         000 0 eng  
010    $a 64009998
035    $a 59200
035    $a (Mills)ocm00965276 
035    $a (MillsTIND)154091
040    $a DLC $c DLC $d m.c. $d MIQ
043    $a n-us---
049    $a MIQA
050 0  $a HT123.5.A12 $b V6
082    $a 301.360974
092    $a 323.352 $b V946c
100 1  $a Eckardt, Wolf von, $d 1918-1995.
245 14 $a The challenge of Megalopolis; $b a graphic presentation of the urbanized northeastern seaboard of the United States. $c Based on the original study by Jean Gottmann.
260    $a [New York?] $b Macmillan, $c 1964.
300    $a 126 p. $b col. illus., col. maps. $c 27 cm.
500    $a At head of title: A Twentieth Century Fund report.
650  0 $a Cities and towns $z Atlantic States.
650  0 $a Cities and towns $x Growth.
650  0 $a Metropolitan areas $z Atlantic States.
700 1  $a Gottmann, Jean. $t Megalopolis.
907    $a .b11688014 $b 2007-06-13 $c 2001-05-17
909 CO $o oai:mills.tind.io:154091 $p GLOBAL_SET
910    $a rcp12
913    $a BIB
945    $b   -  -   $e   -  -   $f 0 $g 1 $i 33086001624196 $j 0 $l bknf  $o - $p $0.00 $q - $r - $s - $t 40 $u 0 $v 0 $w 0 $x 0 $y .i12238818 $z 05-17-01 $h 0 $2 0 $3 0 $k   -  -   $4   -  -  
947 00 $a LTI060707
979    $a Pbook
998    $a bk $b 2001-03-23 $c m $d a $e - $f eng $g nyu $h 4 $i 0
999    $a 8 $b 33086001624196 $c 1 $e Status: on shelf $f 20200612 $g 8 $h Suppress: 0 $j 323.352 V946c $r TOT_CHECKOUT: 0

