01170cam a2200325 i 4500
001 9952161395201401
005 20220810155753.0
008 790816s1978    nsu      b    000 0 eng  
010    $a 78062438
020    $a 0878557180
035    $a 1317
035    $a (Mills)RLINCMCG11760176-B
035    $a (MillsTIND)3174
050 0  $a JC571 $b .H769 1978b
082    $a 323.4
092    $a 323.4 $b H9182
245 00 $a Human rights and world order / $c edited by Abdul Aziz Said.
260    $a New Brunswick, N.J. : $b Transaction Books, $c c1978.
300    $a xii, 170 p. ; $c 23 cm.
504    $a Includes bibliographies.
650  0 $a Civil rights.
700 1  $a Said, Abdul Aziz.
907    $a .b10036313 $b 2014-09-30 $c 2001-05-15
909 CO $o oai:mills.tind.io:3174 $p GLOBAL_SET
913    $a BIB
945    $a 323.4 H9182 $b   -  -   $e   -  -   $f 0 $g 1 $i 33086000113175 $j 0 $l bknf  $o - $p $0.00 $q - $r - $s - $t 40 $u 0 $v 0 $w 0 $x 0 $y .i1004193x $z 05-15-01 $h 0 $2 0 $3 0 $k   -  -   $4   -  -  
947 00 $a LTI060707
979    $a Pbook
998    $a bk $b 2001-03-23 $c m $d a $e - $f eng $g xxu $h 0 $i 0
999    $a 8 $b 33086000113175 $c 1 $e Status: on shelf $f 20200612 $g 8 $h Suppress: 0 $i 323.4 H9182 $j 323.4 H9182 $r TOT_CHECKOUT: 0

