01258cam a2200337 i 4500
001 9952161566301401
005 20220810161947.0
008 791128c19681965enk      b    001 0deng d
010    $a 66001503
035    $a 2073
035    $a (Mills)RLINCMCG13082230-B
035    $a (MillsTIND)5011
040    $a CSt $c CSt $d COMC
043    $a e-uk-en
092    $a 942.052 $b M129e
100 1  $a McConica, James.
245 10 $a English humanists and Reformation politics under Henry VIII and Edward VI.
260    $a Oxford : $b Clarendon Press, $c 1965, 1969 printing.
300    $a xii, 340 p. ; $c 22 cm.
500    $a 1965 printing is with corrections.
500    $a Includes index.
504    $a Bibliography : p. [295]-308.
650  0 $a Reformation $z England.
907    $a .b10056853 $b 2007-10-11 $c 2001-05-15
909 CO $o oai:mills.tind.io:5011 $p GLOBAL_SET
913    $a BIB
945    $a 942.052 M129e $b   -  -   $e   -  -   $f 0 $g 1 $i 33086000120733 $j 0 $l bknf  $o - $p $0.00 $q - $r - $s - $t 40 $u 0 $v 0 $w 0 $x 0 $y .i10066263 $z 05-15-01 $h 0 $2 0 $3 0 $k   -  -   $4   -  -  
947 00 $a LTI060707
979    $a Pbook
998    $a bk $b 2001-03-23 $c m $d a $e - $f eng $g enk $h 0 $i 0
999    $a 8 $b 33086000120733 $c 1 $e Status: on shelf $f 20200612 $g 8 $h Suppress: 0 $i 942.052 M129e $j 942.052 M129e $r TOT_CHECKOUT: 0

