01190cam a2200337 i 4500
001 9952161596101401
005 20220810162012.0
008 791009c19791978nyu      b    001 0 eng  
010    $a 78013333
020    $a 0312568800
035    $a 1692
035    $a (Mills)RLINCMCG12411701-B
035    $a (MillsTIND)4106
050 0  $a JC571 $b .J66 1979
082    $a 323.4
092    $a 323.4 $b J89n
100 1  $a Joyce, James Avery.
245 14 $a The new politics of human rights / $c James Avery Joyce.
260    $a New York : $b St. Martin's Press, $c 1979, c1978.
300    $a xi, 305 p. ; $c 22 cm.
500    $a Includes index.
504    $a Bibliography: p. 295-296.
650  0 $a Civil rights.
907    $a .b10046537 $b 2014-09-30 $c 2001-05-15
909 CO $o oai:mills.tind.io:4106 $p GLOBAL_SET
913    $a BIB
945    $a 323.4 J89n $b   -  -   $e   -  -   $f 0 $g 1 $i 33086000116921 $j 0 $l bknf  $o - $p $0.00 $q - $r - $s - $t 40 $u 0 $v 0 $w 0 $x 0 $y .i10054303 $z 05-15-01 $h 0 $2 0 $3 0 $k   -  -   $4   -  -  
947 00 $a LTI060707
979    $a Pbook
998    $a bk $b 2001-03-23 $c m $d a $e - $f eng $g nyu $h 4 $i 0
999    $a 8 $b 33086000116921 $c 1 $e Status: on shelf $f 20200612 $g 8 $h Suppress: 0 $i 323.4 J89n $j 323.4 J89n $r TOT_CHECKOUT: 0

