01344cam a2200349 i 4500
001 9952161773601401
005 20220810162037.0
008 800317s1978    dcu      b    001 0 eng  
010    $a 78031931
020    $a 0871871440
035    $a 3080
035    $a (Mills)RLINCMCG14625601-B
035    $a (MillsTIND)7827
043    $a n-us---
050 0  $a JC599.U5 $b C635 1978
082    $a 323.4/0973
092    $a 323.4 $b C749e
110 2  $a Congressional Quarterly, inc.
245 10 $a Editorial research reports on the rights revolution : $b timely reports to keep journalists, scholars, and the public abreast of developing issues, events, and trends.
246 3  $a Rights revolution
260    $a Washington : $b Congressional Quarterly, $c c1978.
300    $a 217 p. ; $c 23 cm.
504    $a Includes bibliographies and index.
650  0 $a Civil rights $z United States.
907    $a .b1008843x $b 2007-10-29 $c 2001-05-15
909 CO $o oai:mills.tind.io:7827 $p GLOBAL_SET
913    $a BIB
945    $b   -  -   $e   -  -   $f 0 $g 1 $i 33086000130807 $j 0 $l bknf  $o - $p $0.00 $q - $r - $s - $t 40 $u 0 $v 0 $w 0 $x 0 $y .i10101196 $z 05-15-01 $h 0 $2 0 $3 0 $k   -  -   $4   -  -  
947 00 $a LTI060707
979    $a Pbook
998    $a bk $b 2001-03-23 $c m $d a $e - $f eng $g dcu $h 0 $i 0
999    $a 8 $b 33086000130807 $c 1 $e Status: on shelf $f 20200612 $g 8 $h Suppress: 0 $j 323.4 C749e $r TOT_CHECKOUT: 0

