01337cam a2200361 i 4500
001 9952161802001401
005 20220810162031.0
008 800104s1977    enk      b    001 0 eng  
010    $a 78307172
015    $a GB***
020    $a 087471995X (Rowman and Littlefield) : $c L.5.50
035    $a 2460
035    $a (Mills)RLINCMCG13466364-B
035    $a (MillsTIND)5912
043    $a e-uk-en
050 0  $a DA345 $b .L36 1977
082    $a 942.05/3
092    $a 942.053 $b L253k
100 1  $a Land, Stephen K.
245 10 $a Kett's rebellion : $b the Norfolk rising of 1549 / $c Stephen K. Land.
260    $a Ipswich [Eng.] : $b Boydell Press ; $a Totowa, N.J. : $b Rowman and Littlefield, $c 1977.
300    $a 165 p. ; $c 22 cm.
500    $a Includes index.
504    $a Bibliography: p. 152-153.
650  0 $a Kett's Rebellion, 1549.
907    $a .b10067115 $b 2007-10-11 $c 2001-05-15
909 CO $o oai:mills.tind.io:5912 $p GLOBAL_SET
913    $a BIB
945    $a 942.053 L253k $b   -  -   $e   -  -   $f 0 $g 1 $i 33086000124602 $j 0 $l bknf  $o - $p $0.00 $q - $r - $s - $t 40 $u 0 $v 0 $w 0 $x 0 $y .i10077546 $z 05-15-01 $h 0 $2 0 $3 0 $k   -  -   $4   -  -  
947 00 $a LTI060707
979    $a Pbook
998    $a bk $b 2001-03-23 $c m $d a $e - $f eng $g enk $h 0 $i 0
999    $a 8 $b 33086000124602 $c 1 $e Status: on shelf $f 20200612 $g 8 $h Suppress: 0 $i 942.053 L253k $j 942.053 L253k $r TOT_CHECKOUT: 0

