01191cam a2200313 i 4500
001 9952162052201401
005 20220810162143.0
008 800229s1964    enka          001 0 eng  
010    $a 64006214
035    $a 3048
035    $a (Mills)RLINCMCG14361400-B
035    $a (MillsTIND)7733
040    $c COMC $d COMC
050 0  $a BL240.2 $b .R3
092    $b 215 R183r
100 1  $a Ramsey, Ian T.
245 10 $a Religion and science : $b conflict and synthesis, some philosophical reflections.
260    $a London : $b S.P.C.K., $c 1964.
300    $a xiii, 98 p. : $b ill. ; $c 19 cm.
500    $a Includes bibliographical footnotes and an index.
650  0 $a Religion and science $x History $y 20th century.
907    $a .b10087357 $b 2007-10-10 $c 2001-05-15
909 CO $o oai:mills.tind.io:7733 $p GLOBAL_SET
913    $a BIB
945    $a 215 R183r $b   -  -   $e   -  -   $f 0 $g 1 $i 33086000130484 $j 0 $l bknf  $o - $p $0.00 $q - $r - $s - $t 40 $u 0 $v 0 $w 0 $x 0 $y .i10100003 $z 05-15-01 $h 0 $2 0 $3 0 $k   -  -   $4   -  -  
947 00 $a LTI060707
979    $a Pbook
998    $a bk $b 2001-03-23 $c m $d a $e - $f eng $g enk $h 0 $i 0
999    $a 8 $b 33086000130484 $c 1 $e Status: on shelf $f 20200612 $g 8 $h Suppress: 0 $i 215 R183r $j 215 R183r $r TOT_CHECKOUT: 0

