01240nam a2200313u  4500
001 9952162464801401
005 20220810162943.0
008 941104s1947    nyuab         000 0 eng  
010    $a 48000065
035    $a 252981
035    $a (Mills)CMCG94-B2824
035    $a (MillsTIND)15181
040    $a DLC $c ODaU $d *SER* $d CStRLIN $d COMC
092    $a 421.5 $b T455i 1947
100 1  $a Thomas, Charles Kenneth.
245 13 $a An introduction to the phonetics of American English/ $c by Charles Kenneth Thomas.
246 3  $a Phonetics of American English
260    $a New York, $b Ronald Press Co. $c [1947]
300    $a ix, 181 p. $b illus., maps. $c 22 cm.
650  0 $a English language $x Phonetics.
650  0 $a Americanisms.
907    $a .b10170777 $b 2007-10-29 $c 2001-05-15
909 CO $o oai:mills.tind.io:15181 $p GLOBAL_SET
913    $a BIB
945    $b   -  -   $d WRIGHT $e   -  -   $f 0 $g 1 $i 33086003247574 $j 0 $l bknf  $o - $p $0.00 $q - $r - $s - $t 40 $u 0 $v 0 $w 0 $x 0 $y .i10195373 $z 05-15-01 $h 0 $2 0 $3 0 $k   -  -   $4   -  -   $6 GIFT
947 00 $a LTI060707
979    $a Pbook
998    $a bk $b 2001-03-23 $c m $d a $e - $f eng $g nyu $h 3 $i 0
999    $a 8 $b 33086003247574 $c 1 $e Status: on shelf $f 20200612 $g 8 $h Suppress: 0 $j 421.5 T455i 1947 $r TOT_CHECKOUT: 0 $s Donor: WRIGHT| Requestor: GIFT

