01221cam a2200349 i 4500
001 9952162474901401
005 20220810162940.0
008 801117s1979    enk      b    001 0 eng  
010    $a 79040662
015    $a GB***
020    $a 0710002882 : $c L.8.95
035    $a 5430
035    $a (Mills)RLINCMCG19857438-B
035    $a (MillsTIND)14843
050 0  $a P120.V37 $b L3
082    $a 400
092    $a 400 $b L287
245 00 $a Language and control / $c Roger Fowler ... [et al.].
260    $a London ; $a Boston : $b Routledge & K. Paul, $c 1979.
300    $a 224 p. ; $c 23 cm.
504    $a Includes bibliographical references and index.
650  0 $a Language and languages $x Variation.
650  0 $a Social control.
700 1  $a Fowler, Roger.
907    $a .b10167067 $b 2007-10-29 $c 2001-05-15
909 CO $o oai:mills.tind.io:14843 $p GLOBAL_SET
913    $a BIB
945    $b   -  -   $e   -  -   $f 0 $g 1 $i 33086000154302 $j 0 $l bknf  $o - $p $0.00 $q - $r - $s - $t 40 $u 0 $v 0 $w 0 $x 0 $y .i1019048x $z 05-15-01 $h 0 $2 0 $3 0 $k   -  -   $4   -  -  
947 00 $a LTI060707
979    $a Pbook
998    $a bk $b 2001-03-23 $c m $d a $e - $f eng $g enk $h 0 $i 0
999    $a 8 $b 33086000154302 $c 1 $e Status: on shelf $f 20200612 $g 8 $h Suppress: 0 $j 400 L287 $r TOT_CHECKOUT: 0

