01525cam a2200361 i 4500
001 9952162642201401
005 20220810163651.0
008 801117c19681928enk           001 0 eng d
010    $a 29003316
020    $a 0521074312
035    $a 5415
035    $a (Mills)RLINCMCG19853912-B
035    $a (MillsTIND)14791
040    $a COMC $c COMC
092    $a 201 $b T295p
100 1  $a Tennant, Frederick Robert, $d 1866-1957.
245 10 $a Philosophical theology.
260    $a Cambridge : $b The University Press, $c 1928-30, 1968 printing.
300    $a 2v. ; $c 23 cm.
500    $a Includes index.
505 0  $a I. The soul and its faculties.. - II. The world, the soul, and God.
650  0 $a Religion $x Philosophy.
907    $a .b10166506 $b 2007-10-29 $c 2001-05-15
909 CO $o oai:mills.tind.io:14791 $p GLOBAL_SET
910    $a Based on LC copy for original printing.
913    $a BIB
945    $b   -  -   $c v. 1 $e   -  -   $f 0 $g 1 $i 33086000154153 $j 0 $l bknf  $o - $p $0.00 $q - $r - $s - $t 40 $u 0 $v 0 $w 0 $x 0 $y .i10189841 $z 05-15-01 $h 0 $2 0 $3 0 $k   -  -   $4   -  -  
945    $b   -  -   $c v. 2 $e   -  -   $f 0 $g 1 $i 33086001779594 $j 0 $l bknf  $o - $p $0.00 $q - $r - $s - $t 40 $u 0 $v 0 $w 0 $x 0 $y .i10189853 $z 05-15-01 $h 0 $2 0 $3 0 $k   -  -   $4   -  -  
947 00 $a LTI060707
979    $a Pbook
998    $a bk $b 2001-03-23 $c m $d a $e - $f eng $g enk $h 0 $i 0
999    $a 8 $b 33086001779594 $c 1 $d v. 2 $e Status: on shelf $f 20200612 $g 8 $h Suppress: 0 $j 201 T295p $r TOT_CHECKOUT: 0
999    $a 8 $b 33086000154153 $c 1 $d v. 1 $e Status: on shelf $f 20200612 $g 8 $h Suppress: 0 $j 201 T295p $r TOT_CHECKOUT: 0

