01562cam a2200373 i 4500
001 9952163014201401
005 20220810163814.0
008 810625r19691924nyuc          011 0 eng d
010    $a 69017582
035    $a 6940
035    $a (Mills)RLINCMCG24993727-B
035    $a (MillsTIND)19556
040    $a COMC $c COMC
043    $a e-uk-en
092    $a 942.05 $b L847t
110 2  $a University of London. $b Board of Studies in History.
245 10 $a Tudor studies : $b Presented by the Board of Studies in History in the University of London to Albert Frederick Pollard, being the work of twelve of his colleagues and pupils. $c Edited by R. W. Seton-Watson.
260    $a Freeport, N. Y. : $b Books for Libraries, $c 1969.
300    $a 319 p. : $b port. ; $c 23 cm.
440  0 $a Essay index reprint series
500    $a Includes index.
500    $a Originally published 1924.
600 10 $a Pollard, A. F. $q (Albert Frederick), $d 1869-1948.
651  0 $a Great Britain $x History $y Tudors, 1485-1603.
700 1  $a Seton-Watson, R. W. $q (Robert William), $d 1879-1951.
907    $a .b10218944 $b 2007-10-30 $c 2001-05-15
909 CO $o oai:mills.tind.io:19556 $p GLOBAL_SET
910    $a Based on LC.
913    $a BIB
945    $b   -  -   $e   -  -   $f 0 $g 1 $i 33086000169417 $j 0 $l bknf  $o - $p $0.00 $q - $r - $s - $t 40 $u 0 $v 0 $w 0 $x 0 $y .i10252629 $z 05-15-01 $h 0 $2 0 $3 0 $k   -  -   $4   -  -  
947 00 $a LTI060707
979    $a Pbook
998    $a bk $b 2001-03-23 $c m $d a $e - $f eng $g nyu $h 0 $i 0
999    $a 8 $b 33086000169417 $c 1 $e Status: on shelf $f 20200612 $g 8 $h Suppress: 0 $j 942.05 L847t $r TOT_CHECKOUT: 0

