01415cam a2200385 i 4500
001 9952163144501401
005 20220810135934.0
008 810612s1976    nyu      b    001 0 eng  
010    $a 75036995
020    $a 0801409810 : $c $14.50
035    $a 6870
035    $a (Mills)RLINCMCG24676390-B
035    $a (MillsTIND)19318
043    $a e-uk--- $a e-uk-en
050 0  $a BL245 $b .J3 1976
082    $a 215.0942
092    $a 215 $b J15n
100 1  $a Jacob, Margaret C., $d 1943-
245 14 $a The Newtonians and the English Revolution, 1689-1720 / $c Margaret C. Jacob.
260    $a Ithaca, N.Y. : $b Cornell University Press, $c 1976.
300    $a 288 p. ; $c 23 cm.
500    $a Includes index.
504    $a Bibliography: p. [275]-278.
650  0 $a Religion and science $z England $x History.
650  0 $a Physics $x History.
651  0 $a England $x Intellectual life $y 17th century.
651  0 $a Great Britain $x History $y Revolution of 1688.
907    $a .b10216418 $b 2007-10-29 $c 2001-05-15
909 CO $o oai:mills.tind.io:19318 $p GLOBAL_SET
913    $a BIB
945    $b   -  -   $e   -  -   $f 0 $g 1 $i 33086000168716 $j 0 $l bknf  $o - $p $0.00 $q - $r - $s - $t 40 $u 0 $v 0 $w 0 $x 0 $y .i10249904 $z 05-15-01 $h 0 $2 0 $3 0 $k   -  -   $4   -  -  
947 00 $a LTI060707
979    $a Pbook
998    $a bk $b 2001-03-23 $c m $d a $e - $f eng $g nyu $h 4 $i 0
999    $a 8 $b 33086000168716 $c 1 $e Status: on shelf $f 20200612 $g 8 $h Suppress: 0 $j 215 J15n $r TOT_CHECKOUT: 0

