01207cam a2200325 i 4500
001 9952163155601401
005 20220810135941.0
008 770810s1974    ilu           000 0 eng  
010    $a 74084480
020    $c $2.50
035    $a 8222
035    $a (Mills)RLINCMCG4810791-B
035    $a (MillsTIND)23431
050 0  $a LB1631.D47
082    $a 428/.4/0712
092    $a 428.4 $b D559m
100 1  $a Diederich, Paul Bernard, $d 1906-
245 10 $a Measuring growth in English / $c Paul B. Diederich.
260    $a Urbana, Ill. : National Council of Teachers of English, $c [1974]
300    $a iv, 103 p. ; $c 23 cm.
650  0 $a English language $x Study and teaching (Secondary)
710 2  $a National Council of Teachers of English.
907    $a .b10261898 $b 2007-10-29 $c 2001-05-15
909 CO $o oai:mills.tind.io:23431 $p GLOBAL_SET
913    $a BIB
945    $b   -  -   $e   -  -   $f 0 $g 1 $i 33086000182246 $j 0 $l bknf  $o - $p $0.00 $q - $r - $s - $t 40 $u 0 $v 0 $w 0 $x 0 $y .i10301185 $z 05-15-01 $h 0 $2 0 $3 0 $k   -  -   $4   -  -  
947 00 $a LTI060707
979    $a Pbook
998    $a bk $b 2001-03-23 $c m $d a $e - $f eng $g ilu $h 0 $i 0
999    $a 8 $b 33086000182246 $c 1 $e Status: on shelf $f 20200612 $g 8 $h Suppress: 0 $j 428.4 D559m $r TOT_CHECKOUT: 0

