01205cam a22003251  4500
001 9952163364301401
005 20220810140444.0
008 771208s1956    caua          000 0 eng  
010    $a 55011228
035    $a 8843
035    $a (Mills)RLINCMCG5583322-B
035    $a (MillsTIND)25324
050 0  $a P90 $b .R8
082    $a 400
092    $a 400 $b R919n
100 1  $a Ruesch, Jurgen, $d 1909-
245 10 $a Nonverbal communication; notes on the visual perception of human relations, $c by Jurgen Ruesch and Weldon Kees.
260    $a Berkeley, $b University of California Press, $c 1956.
300    $a 205 p. $b illus. $c 29 cm.
650  0 $a Nonverbal communication.
650  0 $a Signs and symbols.
700 1  $a Kees, Weldon, $d b. 1914.
907    $a .b10283201 $b 2007-10-29 $c 2001-05-15
909 CO $o oai:mills.tind.io:25324 $p GLOBAL_SET
913    $a BIB
945    $b   -  -   $e   -  -   $f 0 $g 1 $i 33086000188466 $j 0 $l bknf  $o - $p $0.00 $q - $r - $s - $t 40 $u 0 $v 0 $w 0 $x 0 $y .i10326364 $z 05-15-01 $h 0 $2 0 $3 0 $k   -  -   $4   -  -  
947 00 $a LTI060707
979    $a Pbook
998    $a bk $b 2001-03-23 $c m $d a $e - $f eng $g cau $h 0 $i 0
999    $a 8 $b 33086000188466 $c 1 $e Status: on shelf $f 20200612 $g 8 $h Suppress: 0 $j 400 R919n $r TOT_CHECKOUT: 0

