01419cam a2200373 i 4500
001 9952163370801401
005 20220810140444.0
008 771118|||||||||nyu           ||| | eng  
010    $a 75037559
020    $a 0026290707  $c $9.95
035    $a 8733
035    $a (Mills)RLINCMCG5472130-B
035    $a (MillsTIND)24997
040    $d CStRLIN
050    $a DA334.W8.W54 1976
082    $a 942.05/2/0922 $a B
092    $a 942.05 $b W725c
100 1  $a Williams, Neville, $d 1924-1977.
245 14 $a The Cardinal and the Secretary : $b Thomas Wolsey and Thomas Cromwell / $c Neville Williams.
250    $a 1st American ed.
260    $a New York : Macmillan, $c 1976, c1975.
300    $a ix, 278 p., [4] leaves of plates : $b ill. ; $c 22 cm.
500    $a Includes index.
504    $a Bibliography: p. 265-269.
600 10 $a Wolsey, Thomas, $d 1475?-1530.
600 10 $a Cromwell, Thomas, $c Earl of Essex, $d 1485?-1540.
907    $a .b10279349 $b 2007-10-11 $c 2001-05-15
909 CO $o oai:mills.tind.io:24997 $p GLOBAL_SET
913    $a BIB
945    $a 942.05 W725c $b   -  -   $e   -  -   $f 0 $g 1 $i 33086000187369 $j 0 $l bknf  $o - $p $0.00 $q - $r - $s - $t 40 $u 0 $v 0 $w 0 $x 0 $y .i1032107x $z 05-15-01 $h 0 $2 0 $3 0 $k   -  -   $4   -  -  
947 00 $a LTI060707
979    $a Pbook
998    $a bk $b 2001-03-23 $c m $d a $e - $f eng $g nyu $h 4 $i 0
999    $a 8 $b 33086000187369 $c 1 $e Status: on shelf $f 20200612 $g 8 $h Suppress: 0 $i 942.05 W725c $j 942.05 W725c $r TOT_CHECKOUT: 0

