01391nam a2200349 a 4500
001 9952163824401401
005 20220810142153.0
008 950519s1978    fr h     b    001 0 fre  
010    $a 79352630
020    $a 2252020326 : $c 68.00F
035    $a 256958
035    $a (Mills)CMCG95-B1967
035    $a (MillsTIND)27336
040    $a DLC $c DLC $d NAlU $d CStRLIN
092    $a 410.9 $b R656L 1978
100 1  $a Robinet, Andre.
245 13 $a Le Langage a l'age classique / $c Andre Robinet.
260    $a Paris : $b Klincksieck, $c 1978.
300    $a 294 p. : $b facsim. ; $c 21 cm.
440  0 $a Horizons du langage. $p Serie "Epoques et cultures"
504    $a Includes bibliographical references and index.
650  0 $a Language and languages $x Philosophy $x History.
650  0 $a Linguistics $x History $y 17th century.
650  0 $a Linguistics $x History $y 18th century.
907    $a .b10306419 $b 2009-03-23 $c 2001-05-15
909 CO $o oai:mills.tind.io:27336 $p GLOBAL_SET
913    $a BIB
945    $b   -  -   $d EUSTIS $e   -  -   $f 0 $g 1 $i 33086003319415 $j 0 $l bknf  $o - $p $0.00 $q - $r - $s - $t 40 $u 0 $v 0 $w 0 $x 0 $y .i10353926 $z 05-15-01 $h 0 $2 0 $3 0 $k   -  -   $4   -  -   $6 GIFT
947 00 $a LTI060707
979    $a Pbook
998    $a bk $b 2001-03-23 $c m $d a $e - $f fre $g fr  $h 3 $i 0
999    $a 8 $b 33086003319415 $c 1 $e Status: on shelf $f 20200612 $g 8 $h Suppress: 0 $j 410.9 R656L 1978 $r TOT_CHECKOUT: 0 $s Donor: EUSTIS| Requestor: GIFT

