01457cam a2200397 i 4500
001 9952164099901401
005 20220810142108.0
008 760109s1975    oncaf    b    000 0dengm 
010    $a 75331714 //r863
015    $a C***
020    $a 0802021824. $a 0802062687 $b pbk.
035    $a 134081
035    $a (Mills)ocm01703647 
035    $a (MillsTIND)30127
040    $a DLC $c DLC $d m.c. $d MIQ
043    $a e-uk-en
049    $a MIQA
050 0  $a DA688 $b .B65 1975b
082    $a 942.1/082
092    $a 942.1 $b R813b
245 04 $a The Bloomsbury group : $b a collection of memoirs, commentary, and criticism / $c edited by S. P. Rosenbaum.
260    $a Toronto ; $a Buffalo : $b University of Toronto Press, $c c1975.
300    $a xxi, 444 p., [4] leaves of plates : $b ill. ; $c 23 cm.
504    $a Bibliography: p. 417-434.
650  0 $a Bloomsbury group.
651  0 $a London (England) $v Biography.
700 1  $a Rosenbaum, S. P. $q (Stanford Patrick), $d 1929-
907    $a .b10337131 $b 2007-06-12 $c 2001-05-15
909 CO $o oai:mills.tind.io:30127 $p GLOBAL_SET
910    $a rcp01
913    $a BIB
945    $b   -  -   $e   -  -   $f 0 $g 1 $i 33086002464592 $j 0 $l bknf  $o - $p $0.00 $q - $r - $s - $t 40 $u 0 $v 0 $w 0 $x 0 $y .i10389052 $z 05-15-01 $h 0 $2 0 $3 0 $k   -  -   $4   -  -  
947 00 $a LTI060707
979    $a Pbook
998    $a bk $b 2001-03-23 $c m $d a $e - $f eng $g onc $h 4 $i 0
999    $a 8 $b 33086002464592 $c 1 $e Status: on shelf $f 20200612 $g 8 $h Suppress: 0 $j 942.1 R813b $r TOT_CHECKOUT: 0

