01218nam a2200313   4500
001 9952164116201401
005 20220810142103.0
008 950613s1959    sz       b    000 0 fre c
010    $a a  59008730
035    $a 257719
035    $a (Mills)CMCG95-B2314
035    $a (MillsTIND)29853
040    $a Illinois. Univ. Library $c IAU $d SER $d ZCU
092    $a 447 $b F825h
100 1  $a Francois, Alexis, $d 1877-1958.
245 10 $a Histoire de la langue francaise cultivee des origines a nos jours.
260    $a Geneve, $b A. Jullien $c [1959]
300    $a 2 v. $c 25 cm.
504    $a Bibliography: v. 1, p. [xvii]-xviii.
590    $a LIBRARY HAS: v. 1.
650  0 $a French language $x History.
907    $a .b10334233 $b 2009-03-23 $c 2001-05-15
909 CO $o oai:mills.tind.io:29853 $p GLOBAL_SET
913    $a BIB
945    $b   -  -   $c v.1 $d EUSTIS $e   -  -   $f 0 $g 1 $i 33086003328457 $j 0 $l bknf  $o - $p $0.00 $q - $r - $s - $t 40 $u 0 $v 0 $w 0 $x 0 $y .i10385216 $z 05-15-01 $h 0 $2 0 $3 0 $k   -  -   $4   -  -   $6 GIFT
947 00 $a LTI060707
979    $a Pbook
998    $a bk $b 2001-03-23 $c m $d a $e - $f fre $g sz  $h 0 $i 0
999    $a 8 $b 33086003328457 $c 1 $d v.1 $e Status: on shelf $f 20200612 $g 8 $h Suppress: 0 $j 447 F825h $r TOT_CHECKOUT: 0 $s Donor: EUSTIS| Requestor: GIFT

