01260nam a2200349   4500
001 9952164152801401
005 20220810142105.0
008 950612m19661974fr       b    001 0 fre  
010    $a 66076873 //r842
015    $a F66-7916(v.1)
035    $a 257663
035    $a (Mills)CMCG95-B2268
035    $a (MillsTIND)29663
040    $c ICU $d CoFS
050 0  $a P121 $b .B44
092    $a 410 $b B478p
100 1  $a Benveniste, Emile, $d 1902-1976.
245 10 $a Problemes de linguistique generale.
260    $a [Paris] $b Gallimard, $c 1966-74.
300    $a 2 v. $c 22 cm.
440  0 $a Bibliotheque des sciences humaines
504    $a Includes bibliographical references.
590    $a LIBRARY HAS: v. 1.
650  0 $a Linguistics.
907    $a .b10332157 $b 2009-03-23 $c 2001-05-15
909 CO $o oai:mills.tind.io:29663 $p GLOBAL_SET
913    $a BIB
945    $b   -  -   $c v.1 $d EUSTIS $e   -  -   $f 0 $g 1 $i 33086003324910 $j 0 $l bknf  $o - $p $0.00 $q - $r - $s - $t 40 $u 0 $v 0 $w 0 $x 0 $y .i10382975 $z 05-15-01 $h 0 $2 0 $3 0 $k   -  -   $4   -  -   $6 GIFT
947 00 $a LTI060707
979    $a Pbook
998    $a bk $b 2001-03-23 $c m $d a $e - $f fre $g fr  $h 0 $i 0
999    $a 8 $b 33086003324910 $c 1 $d v.1 $e Status: on shelf $f 20200612 $g 8 $h Suppress: 0 $j 410 B478p $r TOT_CHECKOUT: 0 $s Donor: EUSTIS| Requestor: GIFT

