02345cam a2200541Ii 4500
001 9952164486001401
005 20220810143032.0
008 770401t19721970njua     b    001 0beng d
010    $a 68029790
015    $a GB7219407 $2 bnb
016 7  $a 002054897 $2 Uk
020    $a 0135227224
020    $a 9780135227220
035    $a (OCoLC)2853419 $z (OCoLC)877562475 $z (OCoLC)1049800486 $z (OCoLC)1112502936 $z (OCoLC)1114415913 $z (OCoLC)1117919535
035    $a (Mills)ocm02853419 
035    $a (MillsTIND)35750
040    $a MWN $b eng $c MWN $d OCLCQ $d OCLCG $d OCLCQ $d UKMGB $d OCLCA $d OCLCF $d OCLCO $d NLE $d OCLCQ $d WKI $d MIQ
043    $a n-us--- $a n------ $a s------
049    $a MIQA
050 14 $a PE2808
082 04 $a 420/.973 $2 18
092    $a 420.973 $b L188L
100 1  $a Laird, Charlton, $d 1901-1984.
245 10 $a Language in America / $c Charlton Laird.
250    $a 1st Prism pbk. ed.
264  1 $a Englewood Cliffs, N.J. : $b Prentice-Hall, $c 1972.
264  4 $c 1970.
300    $a 543 pages : $b illustrations ; $c 21 cm.
336    $a text $b txt $2 rdacontent
337    $a unmediated $b n $2 rdamedia
338    $a volume $b nc $2 rdacarrier
490 0  $a A Spectrum book ; $v P 10
500    $a Contents: The Amerindians: language at home -- Indo-European invades: language in motion -- American english is born -- American english comes of age.
504    $a Includes bibliographical references and index.
650  0 $a English language $z United States.
650  7 $a English language. $2 fast $0 (OCoLC)fst00910920
650  7 $a Language and languages. $2 fast $0 (OCoLC)fst00992154
651  0 $a America $x Languages.
651  7 $a America. $2 fast $0 (OCoLC)fst01239786
651  7 $a United States. $2 fast $0 (OCoLC)fst01204155
776 08 $i Online version: $a Laird, Charlton, 1901-1984. $t Language in America. $b 1st Prism pbk. ed. $d Englewood Cliffs, N.J. : Prentice-Hall, 1972, 1970 $w (OCoLC)895107507
907    $a .b10397632 $b 2020-04-06 $c 2001-05-15
909 CO $o oai:mills.tind.io:35750 $p GLOBAL_SET
913    $a BIB
945    $b   -  -   $e   -  -   $f 0 $g 1 $i 33086000221069 $j 0 $l bknf  $o - $p $0.00 $q - $r - $s - $t 40 $u 0 $v 0 $w 0 $x 0 $y .i10457859 $z 05-15-01 $h 0 $2 0 $3 0 $k   -  -   $4   -  -  
979    $a Pbook
998    $a bk $b 2020-04-06 $c m $d a $e - $f eng $g nju $h 0 $i 1
999    $a 8 $b 33086000221069 $c 1 $e Status: on shelf $f 20200612 $g 8 $h Suppress: 0 $j 420.973 L188L $r TOT_CHECKOUT: 0

