01484cam a2200373I  4500
001 9952166174401401
005 20220810145749.0
008 740507s1910    enkbj    b    000 0 eng  
010    $a 10009488
035    $a 141572
035    $a (Mills)ocm00879202 
035    $a (MillsTIND)54358
040    $a DLC $c WOO $d m.c. $d OCL $d MIQ
049    $a MIQA
050 0  $a DA30 $b .P76 vol.8
092    $a 942.066 $b L822h
100 1  $a Lodge, Richard, $c Sir, $d 1855-1936.
245 14 $a The history of England from the restoration to the death of William III. (1660-1702) $c by Richard Lodge.
260    $a London, $a New York, $a Bombay, $a Calcutta, $b Longmans, Green $c 1910.
300    $a xix, 517 p. $b 2 fold. maps, 2 geneal. tab. $c 23 cm.
490 1  $a The political history of England ... $v VIII
500    $a "Authorities": p. 477-491.
651  0 $a Great Britain $x History $y 1660-1714.
651  0 $a Great Britain $x Politics and government $y 1660-1714.
830  0 $a Political history of England ; $v VIII.
907    $a .b10601387 $b 2007-06-12 $c 2001-05-16
909 CO $o oai:mills.tind.io:54358 $p GLOBAL_SET
910    $a rcp01
913    $a BIB
945    $b   -  -   $e   -  -   $f 0 $g 1 $i 33086002564128 $j 0 $l bknf  $o - $p $0.00 $q - $r - $s - $t 40 $u 0 $v 0 $w 0 $x 0 $y .i10722749 $z 05-16-01 $h 0 $2 0 $3 0 $k   -  -   $4   -  -  
947 00 $a LTI060707
979    $a Pbook
998    $a bk $b 2001-03-23 $c m $d a $e - $f eng $g enk $h 4 $i 0
999    $a 8 $b 33086002564128 $c 1 $e Status: on shelf $f 20200612 $g 8 $h Suppress: 0 $j 942.066 L822h $r TOT_CHECKOUT: 0

