01379nam a2200361K  4500
001 9952166177001401
005 20220810145755.0
008 820503c19121913dcu      b    000 0 eng d
035    $a 141563
035    $a (Mills)ocm08394018 
035    $a (MillsTIND)54332
040    $a PLF $c PLF $d MIQ
049    $a MIQA
092    $a 942.063 $b B878p
100 1  $a Brown, Louise Fargo.
245 10 $a Political activities of the Baptists & Fifth monarchy men in England during the interregnum.
260    $a Washington, $b Amer. historical assoc., $c 1912, c1913.
300    $a 258 p.
490 1  $a American Historical Association. Prize essays
504    $a Bibliography p. 215-241.
650  0 $a Fifth Monarchy Men.
650  0 $a Baptists.
651  0 $a Great Britain $x History $y Commonwealth and Protectorate, 1649-1660.
830  0 $a Prize essays of the American Historical Association.
907    $a .b10601090 $b 2007-06-12 $c 2001-05-16
909 CO $o oai:mills.tind.io:54332 $p GLOBAL_SET
910    $a rcp01
913    $a BIB
945    $b   -  -   $e   -  -   $f 0 $g 1 $i 33086002564003 $j 0 $l bknf  $o - $p $0.00 $q - $r - $s - $t 40 $u 0 $v 0 $w 0 $x 0 $y .i10722397 $z 05-16-01 $h 0 $2 0 $3 0 $k   -  -   $4   -  -  
947 00 $a LTI060707
979    $a Pbook
998    $a bk $b 2001-03-23 $c m $d a $e - $f eng $g dcu $h 0 $i 0
999    $a 8 $b 33086002564003 $c 1 $e Status: on shelf $f 20200612 $g 8 $h Suppress: 0 $j 942.063 B878p $r TOT_CHECKOUT: 0

