01390cam a2200337 i 4500
001 9952167301001401
005 20220810151745.0
008 781019s1977    enk           001 0 eng d
020    $a 0901050377
035    $a 22611
035    $a (Mills)RLINCMCG8498504-B
035    $a (MillsTIND)67246
040    $a COMC $c COMC
043    $a e-uk---
092    $a 942.061 P963
245 00 $a Proceedings of the Short Parliament of 1640 / $c edited for The Royal Historical Society by Esther S. Cope in collaboration with Willson H. Coates.
260    $a London : $b Offices of the Royal Historical Society University College London, $c 1977.
300    $a 339 p. ; $c 23 cm.
440  0 $a Camden fourth series ; $v v. 19
610 10 $a Great Britain. $b Parliament.
651  0 $a Great Britain $x Politics and government.
700 1  $a Cope, Esther S.
710 2  $a Royal Historical Society (Great Britain)
907    $a .b10747539 $b 2007-10-10 $c 2001-05-16
909 CO $o oai:mills.tind.io:67246 $p GLOBAL_SET
913    $a BIB
945    $a 942.061 P963 $b   -  -   $e   -  -   $f 0 $g 1 $i 33086000326355 $j 0 $l bknf  $o - $p $0.00 $q - $r - $s - $t 40 $u 0 $v 0 $w 0 $x 0 $y .i10901449 $z 05-16-01 $h 0 $2 0 $3 0 $k   -  -   $4   -  -  
947 00 $a LTI060707
979    $a Pbook
998    $a bk $b 2001-03-23 $c m $d a $e - $f eng $g enk $h 0 $i 0
999    $a 8 $b 33086000326355 $c 1 $e Status: on shelf $f 20200612 $g 8 $h Suppress: 0 $i 942.061 P963 $j 942.061 P963 $r TOT_CHECKOUT: 0

