01000nam a2200289I  4500
001 9952167458101401
005 20220810152603.0
008 761227s1912    nyu           000 0 eng u
035    $a 85226
035    $a (Mills)ocm02649405 
035    $a (MillsTIND)69522
040    $c CSU $d MIQ
049    $a MIQA
092    $a 822 $b B471h
100 1  $a Bennett, Arnold, $d 1867-1931.
245 14 $a The honeymoon; $b a comedy in three acts.
260    $a New York, $b G. H. Doran Company $c [c1912]
300    $a 111 p. $c 19 cm.
907    $a .b10772480 $b 2007-06-12 $c 2001-05-16
909 CO $o oai:mills.tind.io:69522 $p GLOBAL_SET
910    $a rcp13
913    $a BIB
945    $b   -  -   $e   -  -   $f 0 $g 1 $i 33086000981878 $j 0 $l bknf  $o - $p $0.00 $q - $r - $s - $t 40 $u 0 $v 0 $w 0 $x 0 $y .i10932318 $z 05-16-01 $h 0 $2 0 $3 0 $k   -  -   $4   -  -  
947 00 $a LTI060707
979    $a Pbook
998    $a bk $b 2001-03-23 $c m $d a $e - $f eng $g nyu $h 4 $i 0
999    $a 8 $b 33086000981878 $c 1 $e Status: on shelf $f 20200612 $g 8 $h Suppress: 0 $j 822 B471h $r TOT_CHECKOUT: 0

