01103cam a2200313I  4500
001 9952167837001401
005 20220810152730.0
008 790518r1919    nyu           000 0 eng d
035    $a 85178
035    $a (Mills)ocm04977620 
035    $a (MillsTIND)69381
040    $a ZYU $c ZYU $d OCL $d m.c. $d ORC $d MIQ
049    $a MIQA
092    $a 822 $b B275e
100 1  $a Barrie, J. M. $q (James Matthew), $d 1860-1937.
245 10 $a Echoes of the war / $c by J.M. Barrie.
260    $a New York : $b Scribner's, $c 1919 [c1918]
300    $a 188 p. ; $c 19 cm.
500    $a Reprint.
650  0 $a World War, 1914-1918 $v Drama.
907    $a .b10770902 $b 2007-06-12 $c 2001-05-16
909 CO $o oai:mills.tind.io:69381 $p GLOBAL_SET
910    $a rcp13
913    $a BIB
945    $b   -  -   $e   -  -   $f 0 $g 1 $i 33086000981282 $j 0 $l bknf  $o - $p $0.00 $q - $r - $s - $t 40 $u 0 $v 0 $w 0 $x 0 $y .i10930061 $z 05-16-01 $h 0 $2 0 $3 0 $k   -  -   $4   -  -  
947 00 $a LTI060707
979    $a Pbook
998    $a bk $b 2001-03-23 $c m $d a $e - $f eng $g nyu $h 0 $i 0
999    $a 8 $b 33086000981282 $c 1 $e Status: on shelf $f 20200612 $g 8 $h Suppress: 0 $j 822 B275e $r TOT_CHECKOUT: 0

