01199cam a2200349 i 4500
001 9952168384701401
005 20220810153715.0
008 851104s1976    nyu           001 0 eng d
010    $a 76011607
020    $a 0446814350
035    $a 26088
035    $a (Mills)RLINCMCG85-B3519
035    $a (MillsTIND)77660
040    $a CU $c CU $d UPB
043    $a n-us---
092    $a 401.9 $b N552c
100 1  $a Newman, Edwin.
245 12 $a A civil tongue / $c by Edwin Newman.
260    $a New York : $b Warner Books, $c 1976.
300    $a 303 p. ; $c 18 cm.
500    $a Includes index.
650  0 $a English language $z United States.
650  0 $a English language $x Jargon.
651  0 $a United States $x Social life and customs.
907    $a .b10859421 $b 2007-10-29 $c 2001-05-16
909 CO $o oai:mills.tind.io:77660 $p GLOBAL_SET
913    $a BIB
945    $b   -  -   $e   -  -   $f 0 $g 1 $i 33086000361188 $j 0 $l bknf  $o - $p $0.00 $q - $r - $s - $t 40 $u 0 $v 0 $w 0 $x 0 $y .i11047446 $z 05-16-01 $h 0 $2 0 $3 0 $k   -  -   $4   -  -  
947 00 $a LTI060707
979    $a Pbook
998    $a bk $b 2001-03-23 $c m $d a $e - $f eng $g nyu $h 2 $i 0
999    $a 8 $b 33086000361188 $c 1 $e Status: on shelf $f 20200612 $g 8 $h Suppress: 0 $j 401.9 N552c $r TOT_CHECKOUT: 0

