01220nam a2200325   4500
001 9952168871901401
005 20220810141541.0
008 860312s1972    nyua          001 0 eng  
010    $a 72182321
020    $a 0155618202
035    $a 27672
035    $a (Mills)RLINCMCG86-B975
035    $a (MillsTIND)82284
050 0  $a PB35 $b .A57
082    $a 418/.007/1273
092    $a 418.007 $b A425m
100 1  $a Allen, Edward David, $d 1923-
245 10 $a Modern language classroom techniques; $b a handbook $c [by] Edward David Allen [and] Rebecca M. Valette.
260    $a New York, $b Harcourt Brace Jovanovich $c [1972]
300    $a ix, 306 p. $b illus. $c 24 cm.
650  0 $a Languages, Modern $x Study and teaching.
700 1  $a Valette, Rebecca M.
907    $a .b10909205 $b 2007-10-29 $c 2001-05-16
909 CO $o oai:mills.tind.io:82284 $p GLOBAL_SET
913    $a BIB
945    $b   -  -   $e   -  -   $f 0 $g 1 $i 33086000377044 $j 0 $l bknf  $o - $p $0.00 $q - $r - $s - $t 40 $u 0 $v 0 $w 0 $x 0 $y .i11108654 $z 05-16-01 $h 0 $2 0 $3 0 $k   -  -   $4   -  -  
947 00 $a LTI060707
979    $a Pbook
998    $a bk $b 2001-03-23 $c m $d a $e - $f eng $g nyu $h 0 $i 0
999    $a 8 $b 33086000377044 $c 1 $e Status: on shelf $f 20200612 $g 8 $h Suppress: 0 $j 418.007 A425m $r TOT_CHECKOUT: 0

