01070nam a2200289 i 4500
001 9952168873901401
005 20220810141540.0
008 860312s1955    nyu      b    000 0 eng d
035    $a 27665
035    $a (Mills)RLINCMCG86-B968
035    $a (MillsTIND)82264
092    $a 400 $b B815L
100 1  $a Bram, Joseph, $d 1904-
245 10 $a Language and society / $c by Joseph Bram.
260    $a New York : $b Random House, $c c1955.
300    $a viii, 66 p. ; $c 23 cm.
440  0 $a Studies in sociology
504    $a Includes bibliographies.
650  0 $a Language and languages.
907    $a .b1090900x $b 2007-10-29 $c 2001-05-16
909 CO $o oai:mills.tind.io:82264 $p GLOBAL_SET
913    $a BIB
945    $a 400  B815L $b   -  -   $e   -  -   $f 0 $g 1 $i 33086000376970 $j 0 $l bknf  $o - $p $0.00 $q - $r - $s - $t 40 $u 0 $v 0 $w 0 $x 0 $y .i1110840x $z 05-16-01 $h 0 $2 0 $3 0 $k   -  -   $4   -  -  
947 00 $a LTI060707
979    $a Pbook
998    $a bk $b 2001-03-23 $c m $d a $e - $f eng $g nyu $h 0 $i 0
999    $a 8 $b 33086000376970 $c 1 $e Status: on shelf $f 20200612 $g 8 $h Suppress: 0 $i 400  B815L $j 400 B815L $r TOT_CHECKOUT: 0

