01475nam a2200349|  4500
001 9952168955801401
005 20220810142234.0
008 860321s1930    enk           001 0 eng|u
010    $a 30012680
035    $a 27932
035    $a (Mills)RLINCMCG86-B1237
035    $a (MillsTIND)83020
040    $c ODaWU $d NNU $d CStRLIN $d COMC
050 0  $a QP306 $b .P3
092    $a 401 $b P135h
100 1  $a Paget, Richard, $d b. 1869.
245 10 $a Human speech; $b some observations, experiments, and conclusions as to the nature, origin, purpose and possible improvement of human speech, $c by Sir Richard Paget, bart.
260    $a London, $b K. Paul, Trench, Trubner & co., ltd.; $a New York, $b Harcourt, Brace & company, $c 1930.
300    $a xiv, 360 p. $b illus. $c 23 cm.
440  0 $a International library of psychology, philosophy, and scientific method
500    $a "Polynesian language, by Dr. J. Rae": p. 318-353.
650  0 $a Speech.
650  0 $a Polynesian languages.
700 1  $a Rae, John, $d 1796-1872.
907    $a .b10917160 $b 2007-10-29 $c 2001-05-16
909 CO $o oai:mills.tind.io:83020 $p GLOBAL_SET
913    $a BIB
945    $b   -  -   $e   -  -   $f 0 $g 1 $i 33086000379644 $j 0 $l bknf  $o - $p $0.00 $q - $r - $s - $t 40 $u 0 $v 0 $w 0 $x 0 $y .i11117795 $z 05-16-01 $h 0 $2 0 $3 0 $k   -  -   $4   -  -  
947 00 $a LTI060707
979    $a Pbook
998    $a bk $b 2001-03-23 $c m $d a $e - $f eng $g enk $h 0 $i 0
999    $a 8 $b 33086000379644 $c 1 $e Status: on shelf $f 20200612 $g 8 $h Suppress: 0 $j 401 P135h $r TOT_CHECKOUT: 0

