01108nam a2200313   4500
001 9952168962101401
005 20220810142234.0
008 860403s1951    enk           000 0 eng  
010    $a 52002241
035    $a 28154
035    $a (Mills)RLINCMCG86-B1462
035    $a (MillsTIND)83665
040    $c NNC $d NNC
050    $a PE1585 $b .E6 1957
092    $a 422 $b E55s
100 1  $a Empson, William, $d 1906-1984.
245 14 $a The structure of complex words.
260    $a London, $b Chatto and Windus, $c 1951.
300    $a 449 p. $c 23 cm.
650  0 $a English literature $x History and criticism.
650  0 $a English language $x Semantics.
907    $a .b10923962 $b 2007-10-29 $c 2001-05-16
909 CO $o oai:mills.tind.io:83665 $p GLOBAL_SET
913    $a BIB
945    $b   -  -   $e   -  -   $f 0 $g 1 $i 33086000381863 $j 0 $l bknf  $o - $p $0.00 $q - $r - $s - $t 40 $u 0 $v 0 $w 0 $x 0 $y .i11125913 $z 05-16-01 $h 0 $2 0 $3 0 $k   -  -   $4   -  -  
947 00 $a LTI060707
979    $a Pbook
998    $a bk $b 2001-03-23 $c m $d a $e - $f eng $g enk $h 4 $i 0
999    $a 8 $b 33086000381863 $c 1 $e Status: on shelf $f 20200612 $g 8 $h Suppress: 0 $j 422 E55s $r TOT_CHECKOUT: 0

