01127nam a2200301 a 4500
001 9952168973201401
005 20220810142236.0
008 860327s1922    enk           001 0 eng  
035    $a 27981
035    $a (Mills)RLINCMCG86-B1287
035    $a (MillsTIND)83149
040    $c CSt $d CSt $d PU
092    $a 410.9 $b J58L
100 1  $a Jespersen, Otto, $d 1860-1943.
245 10 $a Language, its nature, development and origin / $c by Otto Jespersen.
260    $a London : $b Allen & Unwin, $c 1922.
300    $a 448 p. ; $c 22 cm.
500    $a Includes index.
504    $a Bibliography: p.[13]-15.
650  0 $a Language and languages.
907    $a .b10918504 $b 2007-10-29 $c 2001-05-16
909 CO $o oai:mills.tind.io:83149 $p GLOBAL_SET
913    $a BIB
945    $a 410.9  J58L $b   -  -   $e   -  -   $f 0 $g 1 $i 33086000380139 $j 0 $l bknf  $o - $p $0.00 $q - $r - $s - $t 40 $u 0 $v 0 $w 0 $x 0 $y .i11119445 $z 05-16-01 $h 0 $2 0 $3 0 $k   -  -   $4   -  -  
947 00 $a LTI060707
979    $a Pbook
998    $a bk $b 2001-03-23 $c m $d a $e - $f eng $g enk $h 0 $i 0
999    $a 8 $b 33086000380139 $c 1 $e Status: on shelf $f 20200612 $g 8 $h Suppress: 0 $i 410.9  J58L $j 410.9 J58L $r TOT_CHECKOUT: 0

