01444nam a2200397 i 4500
001 9952168973501401
005 20220810142238.0
008 860327s1976    nyu      b    001 0 eng  
010    $a 75045215
020    $a 0444001832
035    $a 27980
035    $a (Mills)RLINCMCG86-B1286
035    $a (MillsTIND)83146
050 0  $a PC76 $b .H3
082    $a 440/.09
092    $a 440.09 $b H178p
100 1  $a Hall, Robert Anderson, $d 1911-
245 10 $a Proto-Romance phonology / $c Robert A. Hall, Jr.
260    $a New York : $b Elsevier, $c c1976.
300    $a x, 297 p. ; $c 24 cm.
490 1  $a Foundations of linguistics series
490 1  $a His Comparative Romance grammar ; v. 2
500    $a Includes index.
504    $a Bibliography: p. 283-294.
650  0 $a Romance languages $x Phonology.
650  0 $a Romance languages $x History.
800 1  $a Hall, Robert Anderson, $d 1911- $t Comparative romance grammar ; $v v. 2.
830  0 $a Foundations of linguistics.
907    $a .b10918474 $b 2007-10-29 $c 2001-05-16
909 CO $o oai:mills.tind.io:83146 $p GLOBAL_SET
913    $a BIB
945    $b   -  -   $e   -  -   $f 0 $g 1 $i 33086000380121 $j 0 $l bknf  $o - $p $0.00 $q - $r - $s - $t 40 $u 0 $v 0 $w 0 $x 0 $y .i1111941x $z 05-16-01 $h 0 $2 0 $3 0 $k   -  -   $4   -  -  
947 00 $a LTI060707
979    $a Pbook
998    $a bk $b 2001-03-23 $c m $d a $e - $f eng $g nyu $h 0 $i 0
999    $a 8 $b 33086000380121 $c 1 $e Status: on shelf $f 20200612 $g 8 $h Suppress: 0 $j 440.09 H178p $r TOT_CHECKOUT: 0

