01343cam a2200337Ki 4500
001 9952169015701401
005 20220810142303.0
008 800318s1941    nyu           001 0 und d
010    $a 41008690
035    $a (OCoLC)1149110666
035    $a (Mills)on1149110666
035    $a (MillsTIND)82034
040    $a CACHF $b eng $e rda $c CACHF $d OCLCO $d MIQ
049    $a MIQA
092    $a 425 $b H413L
100 1  $a Hayakawa, S. I. $q (Samuel Ichiye), $d 1906-1992.
245 10 $a Language in action : $b a guide to accurate thinking, reading and writing / $c S.I. Hayakawa.
264  1 $a New York : $b Harcourt, Brace and company, $c 1941.
300    $a xiii, 345 pages ; $c 21 cm
336    $a text $b txt $2 rdacontent
337    $a unmediated $b n $2 rdamedia
338    $a volume $b nc $2 rdacarrier
504    $a Includes bibliographical references (pages 339-341) and index.
650  0 $a English language $x Semantics.
907    $a .b10906514 $b 2020-04-22 $c 2001-05-16
909 CO $o oai:mills.tind.io:82034 $p GLOBAL_SET
913    $a BIB
945    $b   -  -   $e   -  -   $f 0 $g 1 $i 33086000376178 $j 0 $l bknf  $o - $p $0.00 $q - $r - $s - $t 40 $u 0 $v 0 $w 0 $x 0 $y .i11105124 $z 05-16-01 $h 0 $2 0 $3 0 $k   -  -   $4   -  -  
979    $a Pbook
998    $a bk $b 2020-04-22 $c m $d a $e - $f und $g nyu $h 0 $i 1
999    $a 8 $b 33086000376178 $c 1 $e Status: on shelf $f 20200612 $g 8 $h Suppress: 0 $j 425 H413L $r TOT_CHECKOUT: 0

