01134nam a2200325   4500
001 9952169017401401
005 20220810142303.0
008 860310s1958    ilu      b    000 0 eng  
010    $a 58009395
035    $a 27582
035    $a (Mills)RLINCMCG86-B882
035    $a (MillsTIND)82026
040    $a DLC $c ODaWU $d *OCL* $d NBiSU $d CStRLIN $d PPT
050 0  $a P105 $b .B77
082    $a 400
092    $a 400 $b B879w
100 1  $a Brown, Roger $q (Roger William), $d 1925-1997.
245 10 $a Words and things.
260    $a Glencoe, Ill., $b The Free Press $c [1958]
300    $a 398 p. $c 22 cm.
504    $a Includes bibliographies.
650  0 $a Language and languages.
907    $a .b10906435 $b 2007-10-29 $c 2001-05-16
909 CO $o oai:mills.tind.io:82026 $p GLOBAL_SET
913    $a BIB
945    $b   -  -   $e   -  -   $f 0 $g 1 $i 33086000376145 $j 0 $l bknf  $o - $p $0.00 $q - $r - $s - $t 40 $u 0 $v 0 $w 0 $x 0 $y .i11105033 $z 05-16-01 $h 0 $2 0 $3 0 $k   -  -   $4   -  -  
947 00 $a LTI060707
979    $a Pbook
998    $a bk $b 2001-03-23 $c m $d a $e - $f eng $g ilu $h 0 $i 0
999    $a 8 $b 33086000376145 $c 1 $e Status: on shelf $f 20200612 $g 8 $h Suppress: 0 $j 400 B879w $r TOT_CHECKOUT: 0

