01299nam a2200361 a 4500
001 9952169020001401
005 20220810142257.0
008 860310s1961    nyua     b    001 0 eng  
010    $a 61008588
020    $a 0030104653
035    $a 27578
035    $a (Mills)RLINCMCG86-B878
035    $a (MillsTIND)82013
040    $d PPT
092    $a 421.5 $b G554i1
100 1  $a Gleason, Henry A. $q (Henry Allan), $d 1917-
245 13 $a An introduction to descriptive linguistics / $c by H.A. Gleason, Jr.
246 3  $a Descriptive linguistics
250    $a Rev, ed.
260    $a New York : $b Holt, Rinehart and Winston, $c 1961.
300    $a viii, 503 p. : $b ill. ; $c 22 cm.
500    $a Includes index.
504    $a Bibliography: p. 480-490.
650  0 $a English language $x Phonetics.
650  0 $a Language and languages.
907    $a .b10906307 $b 2007-10-29 $c 2001-05-16
909 CO $o oai:mills.tind.io:82013 $p GLOBAL_SET
913    $a BIB
945    $b   -  -   $e   -  -   $f 0 $g 1 $i 33086000376103 $j 0 $l bknf  $o - $p $0.00 $q - $r - $s - $t 40 $u 0 $v 0 $w 0 $x 0 $y .i11104892 $z 05-16-01 $h 0 $2 0 $3 0 $k   -  -   $4   -  -  
947 00 $a LTI060707
979    $a Pbook
998    $a bk $b 2001-03-23 $c m $d a $e - $f eng $g nyu $h 3 $i 0
999    $a 8 $b 33086000376103 $c 1 $e Status: on shelf $f 20200612 $g 8 $h Suppress: 0 $j 421.5 G554i1 $r TOT_CHECKOUT: 0

