01161nam a2200325 a 4500
001 9952169036101401
005 20220810142256.0
008 860331s1961    ncu      b    001 0 eng  
010    $a 60013606
035    $a 28026
035    $a (Mills)RLINCMCG86-B1332
035    $a (MillsTIND)83282
040    $c PPT $d PPT $d NvU $d IaU
050 0  $a PE1599.I7 $b K55 1961
092    $a 422 $b K74w
100 1  $a Knox, Norman, $d 1923-
245 14 $a The word irony and its context, 1500-1755 / $c Norman Knox.
260    $a Durham, N.C. : $b Duke University Press, $c 1961.
300    $a xv, 258 p. ; $c 24 cm.
500    $a Includes index.
504    $a Bibliography: p. [222]-251.
650  0 $a Irony (The word)
907    $a .b10919934 $b 2007-10-29 $c 2001-05-16
909 CO $o oai:mills.tind.io:83282 $p GLOBAL_SET
913    $a BIB
945    $b   -  -   $e   -  -   $f 0 $g 1 $i 33086000380584 $j 0 $l bknf  $o - $p $0.00 $q - $r - $s - $t 40 $u 0 $v 0 $w 0 $x 0 $y .i11121257 $z 05-16-01 $h 0 $2 0 $3 0 $k   -  -   $4   -  -  
947 00 $a LTI060707
979    $a Pbook
998    $a bk $b 2001-03-23 $c m $d a $e - $f eng $g ncu $h 4 $i 0
999    $a 8 $b 33086000380584 $c 1 $e Status: on shelf $f 20200612 $g 8 $h Suppress: 0 $j 422 K74w $r TOT_CHECKOUT: 0

