01093nam a2200313 i 4500
001 9952169067201401
005 20220810142302.0
008 860422s1952    pau           001 0 eng d
010    $a 52008784
035    $a 28574
035    $a (Mills)RLINCMCG86-B1885
035    $a (MillsTIND)84877
040    $d COMC
092    $a 420.9 $b P377s
100 1  $a Pei, Mario, $d 1901-1978.
245 14 $a The story of English / $c by Mario Pei.
260    $a Philadelphia : $b Lippincott, $c c1952.
300    $a 381 p. ; $c 22 cm.
500    $a Includes index.
504    $a Bibliography: p.353-357.
650  0 $a English language $x History.
907    $a .b10937006 $b 2007-10-29 $c 2001-05-16
909 CO $o oai:mills.tind.io:84877 $p GLOBAL_SET
913    $a BIB
945    $b   -  -   $e   -  -   $f 0 $g 1 $i 33086000386060 $j 0 $l bknf  $o - $p $0.00 $q - $r - $s - $t 40 $u 0 $v 0 $w 0 $x 0 $y .i11142753 $z 05-16-01 $h 0 $2 0 $3 0 $k   -  -   $4   -  -  
947 00 $a LTI060707
979    $a Pbook
998    $a bk $b 2001-03-23 $c m $d a $e - $f eng $g pau $h 4 $i 0
999    $a 8 $b 33086000386060 $c 1 $e Status: on shelf $f 20200612 $g 8 $h Suppress: 0 $j 420.9 P377s $r TOT_CHECKOUT: 0

