01554nam a2200385   4500
001 9952169089001401
005 20220810142301.0
008 860327s1930    nyuah    b    000 0 eng  
010    $a 30031806
035    $a 27990
035    $a (Mills)RLINCMCG86-B1296
035    $a (MillsTIND)83176
040    $c CtY $d CtY
050 0  $a Z113 $b .T17
092    $a 417 $b T166h
100 1  $a Tannenbaum, Samuel Aaron, $d 1874?-1948.
245 14 $a The handwriting of the renaissance, $c by Samuel A. Tannenbaum; being the development and characteristics of the script of Shakspere's time, with an introduction by Ashley H. Thorndike ...
260    $a New York, $b Columbia university press, $c 1930.
300    $a xii, 210 p. $b incl. front. illus., XIV facsim. $c 24 cm.
500    $a Transcripts of the facsimiles on versos facing the facsimiles.
504    $a Bibliography: p. 163-168.
650  0 $a Paleography, English.
650  0 $a Paleography, Latin.
650  0 $a Paleography $v Handbooks, manuals, etc.
650  0 $a Writing $x History.
650  0 $a Alphabet.
650  0 $a Abbreviations.
907    $a .b10918826 $b 2007-10-29 $c 2001-05-16
909 CO $o oai:mills.tind.io:83176 $p GLOBAL_SET
913    $a BIB
945    $b   -  -   $e   -  -   $f 0 $g 1 $i 33086000380220 $j 0 $l bknf  $o - $p $0.00 $q - $r - $s - $t 40 $u 0 $v 0 $w 0 $x 0 $y .i11119810 $z 05-16-01 $h 0 $2 0 $3 0 $k   -  -   $4   -  -  
947 00 $a LTI060707
979    $a Pbook
998    $a bk $b 2001-03-23 $c m $d a $e - $f eng $g nyu $h 4 $i 0
999    $a 8 $b 33086000380220 $c 1 $e Status: on shelf $f 20200612 $g 8 $h Suppress: 0 $j 417 T166h $r TOT_CHECKOUT: 0

