01234nam a2200337   4500
001 9952169090701401
005 20220810142303.0
008 860327s1929    enk      b    00  0 eng  
010    $a 24025214
035    $a 27984
035    $a (Mills)RLINCMCG86-B1290
035    $a (MillsTIND)83159
040    $c ODaWU $d MdBJ $d CSt $d PPT $d COMC
050    $a P201 $b .J55
092    $a 401 $b J58p
100 1  $a Jespersen, Otto, $d 1860-1943.
245 14 $a The philosophy of grammar, $c by Otto Jespersen.
260    $a London, $b G. Allen & Unwin; $a New York, $b H. Holt $c [1924]
300    $a 359 p. $c 22 cm.
504    $a Bibliography: p. 11-18.
650  0 $a Grammar, Comparative and general.
650  0 $a Language and languages $x Philosophy.
650  0 $a Language and languages.
907    $a .b10918632 $b 2007-10-29 $c 2001-05-16
909 CO $o oai:mills.tind.io:83159 $p GLOBAL_SET
913    $a BIB
945    $b   -  -   $e   -  -   $f 0 $g 1 $i 33086000380162 $j 0 $l bknf  $o - $p $0.00 $q - $r - $s - $t 40 $u 0 $v 0 $w 0 $x 0 $y .i11119573 $z 05-16-01 $h 0 $2 0 $3 0 $k   -  -   $4   -  -  
947 00 $a LTI060707
979    $a Pbook
998    $a bk $b 2001-03-23 $c m $d a $e - $f eng $g enk $h 4 $i 0
999    $a 8 $b 33086000380162 $c 1 $e Status: on shelf $f 20200612 $g 8 $h Suppress: 0 $j 401 J58p $r TOT_CHECKOUT: 0

