01212cam a2200349 i 4500
001 9952169131001401
005 20220810142320.0
008 860404s1975    nyu      b    001 0 eng  
010    $a 74026995//r84
020    $a 0394489659
035    $a 28197
035    $a (Mills)RLINCMCG86-B1506
035    $a (MillsTIND)83780
050 0  $a PE2809 $b .D54
082    $a 420/.9
092    $a 420.9 $b D578a
100 1  $a Dillard, J. L. $q (Joey Lee), $d 1924-
245 10 $a All-American English / $c J. L. Dillard.
250    $a 1st ed.
260    $a New York : $b Random House, $c [1975]
300    $a xiii, 369 p. ; $c 24 cm.
500    $a Includes index.
504    $a Bibliography: p. 325-357.
650  0 $a English language $z United States $x History.
907    $a .b1092517x $b 2007-10-29 $c 2001-05-16
909 CO $o oai:mills.tind.io:83780 $p GLOBAL_SET
913    $a BIB
945    $b   -  -   $e   -  -   $f 0 $g 1 $i 33086000382291 $j 0 $l bknf  $o - $p $0.00 $q - $r - $s - $t 40 $u 0 $v 0 $w 0 $x 0 $y .i11127260 $z 05-16-01 $h 0 $2 0 $3 0 $k   -  -   $4   -  -  
947 00 $a LTI060707
979    $a Pbook
998    $a bk $b 2001-03-23 $c m $d a $e - $f eng $g nyu $h 0 $i 0
999    $a 8 $b 33086000382291 $c 1 $e Status: on shelf $f 20200612 $g 8 $h Suppress: 0 $j 420.9 D578a $r TOT_CHECKOUT: 0

