01158nam a2200337   4500
001 9952169292701401
005 20220810142406.0
008 860417s1973    nyu           001 0 eng  
010    $a 78039894//r852
035    $a 28462
035    $a (Mills)RLINCMCG86-B1773
035    $a (MillsTIND)84553
040    $d COMC
050 0  $a PE1585 $b .P38
082    $a 422
092    $a 422 $b P377d
100 1  $a Pei, Mario, $d 1901-1978.
245 10 $a Double-speak in America, $c by Mario Pei.
260    $a New York, $b Hawthorn Books $c [1973]
300    $a 216 p. $c 22 cm.
650  0 $a English language $x Semantics.
650  0 $a English language $x Jargon.
650  0 $a English language $x New words.
907    $a .b10933451 $b 2007-10-29 $c 2001-05-16
909 CO $o oai:mills.tind.io:84553 $p GLOBAL_SET
913    $a BIB
945    $b   -  -   $e   -  -   $f 0 $g 1 $i 33086000384941 $j 0 $l bknf  $o - $p $0.00 $q - $r - $s - $t 40 $u 0 $v 0 $w 0 $x 0 $y .i11137617 $z 05-16-01 $h 0 $2 0 $3 0 $k   -  -   $4   -  -  
947 00 $a LTI060707
979    $a Pbook
998    $a bk $b 2001-03-23 $c m $d a $e - $f eng $g nyu $h 0 $i 0
999    $a 8 $b 33086000384941 $c 1 $e Status: on shelf $f 20200612 $g 8 $h Suppress: 0 $j 422 P377d $r TOT_CHECKOUT: 0

