01500nam a22003731  4500
001 9952169293001401
005 20220810142405.0
008 860417s1968    dcu           000 0 eng  
010    $a 68056142//r862
035    $a 28461
035    $a (Mills)RLINCMCG86-B1772
035    $a (MillsTIND)84550
040    $d CStRLIN $d COMC
050 0  $a PE3101.M5 $b S5
082    $a 427/.9/77434
092    $a 427.97743 $b S562f
100 1  $a Shuy, Roger W.
245 10 $a Field techniques in an urban language study $c [by] Roger W. Shuy, Walter A. Wolfram [and] William K. Riley.
260    $a [Washington] $b Center for Applied Linguistics, $c 1968.
300    $a x, 128 p. $c 23 cm.
440  0 $a Urban language series ; $v 3
500    $a Research was done through Michigan State Univ. under contract with the Cooperative Research Branch, U.S. Office of Education.
650  0 $a English language $x Dialects $z Michigan $z Detroit.
700 1  $a Wolfram, Walt, $d 1941-
700 1  $a Riley, William K.
710 2  $a Michigan State University.
907    $a .b10933426 $b 2007-10-29 $c 2001-05-16
909 CO $o oai:mills.tind.io:84550 $p GLOBAL_SET
913    $a BIB
945    $b   -  -   $e   -  -   $f 0 $g 1 $i 33086000384933 $j 0 $l bknf  $o - $p $0.00 $q - $r - $s - $t 40 $u 0 $v 0 $w 0 $x 0 $y .i11137587 $z 05-16-01 $h 0 $2 0 $3 0 $k   -  -   $4   -  -  
947 00 $a LTI060707
979    $a Pbook
998    $a bk $b 2001-03-23 $c m $d a $e - $f eng $g dcu $h 0 $i 0
999    $a 8 $b 33086000384933 $c 1 $e Status: on shelf $f 20200612 $g 8 $h Suppress: 0 $j 427.97743 S562f $r TOT_CHECKOUT: 0

