01565cam a2200385 i 4500
001 9952171117001401
005 20220810145856.0
008 790122s1977    enk      b    001 0 eng  
010    $a 78306764
015    $a GB***
020    $a 0192129619 : $c L.16.50
035    $a 43892
035    $a (Mills)RLINCMCG9422609-B
035    $a (MillsTIND)125414
043    $a e-uk---
050 0  $a DA550 $b .Y6 1977
082    $a 941.081
092    $a 942.081Y72v1977
100 1  $a Young, G. M. $q (George Malcolm), $d 1882-1959.
245 10 $a Victorian England : $b portrait of an age / $c G. M. Young.
246 3  $a Portrait of an age
250    $a Annotated ed. / $b by George Kitson Clark ; with a biographical memoir by Sir George Clark.
260    $a London ; $a New York : $b Oxford University Press, $c 1977.
300    $a 423 p. ; $c 23 cm.
504    $a Includes bibliographical references and index.
651  0 $a Great Britain $x History $y Victoria, 1837-1901.
700 1  $a Kitson Clark, G. S. R. $q (George Sidney Roberts), $d 1900-1975.
907    $a .b11371985 $b 2007-10-10 $c 2001-05-17
909 CO $o oai:mills.tind.io:125414 $p GLOBAL_SET
913    $a BIB
945    $a 942.081 Y72v 1977 $b   -  -   $e   -  -   $f 0 $g 1 $i 33086000540096 $j 0 $l bknf  $o - $p $0.00 $q - $r - $s - $t 40 $u 2 $v 0 $w 0 $x 0 $y .i11679682 $z 05-17-01 $h 1 $2 0 $3 0 $k 02-25-2007 13:33 $4 02-28-07
947 00 $a LTI060707
979    $a Pbook
998    $a bk $b 2001-03-23 $c m $d a $e - $f eng $g enk $h 0 $i 0
999    $a 8 $b 33086000540096 $c 1 $e Status: on shelf $f 20200612 $g 8 $h Suppress: 0 $i 942.081 Y72v 1977 $j 942.081Y72v1977 $r TOT_CHECKOUT: 4 $s LCD: 02-28-07

