01195nam a2200337 i 4500
001 9952171722001401
005 20220810150836.0
008 860603s1928    nyu      b    001 0 eng d
010    $a 29001338
035    $a 29320
035    $a (Mills)RLINCMCG86-B2637
035    $a (MillsTIND)87014
040    $a COMC $c COMC
092    $a 422 $b M161f
100 1  $a MacLaurin, Lois Margaret.
245 10 $a Franklin's Vocabulary / $c by Lois Margaret MacLaurin.
250    $a 1st ed.
260    $a Garden City, N.Y. : $b Doubleday, Doran, $c 1928.
300    $a 163 p. ; $c 23 cm.
500    $a On cover: Franklin monographs.
504    $a Bibliography: p. 145-155.
600 10 $a Franklin, Benjamin, $d 1706-1790.
650  0 $a Vocabulary.
907    $a .b10960739 $b 2007-10-29 $c 2001-05-16
909 CO $o oai:mills.tind.io:87014 $p GLOBAL_SET
913    $a BIB
945    $b   -  -   $e   -  -   $f 0 $g 1 $i 33086000393520 $j 0 $l bknf  $o - $p $0.00 $q - $r - $s - $t 40 $u 0 $v 0 $w 0 $x 0 $y .i11171832 $z 05-16-01 $h 0 $2 0 $3 0 $k   -  -   $4   -  -  
947 00 $a LTI060707
979    $a Pbook
998    $a bk $b 2001-03-23 $c m $d a $e - $f eng $g nyu $h 0 $i 0
999    $a 8 $b 33086000393520 $c 1 $e Status: on shelf $f 20200612 $g 8 $h Suppress: 0 $j 422 M161f $r TOT_CHECKOUT: 0

