01240nam a22003251  4500
001 9952171742201401
005 20220810150835.0
008 860610s1958    nyua     b    000 0 eng  
010    $a 58005647//r84
035    $a 29483
035    $a (Mills)RLINCMCG86-B2800
035    $a (MillsTIND)87483
040    $d COMC
050 0  $a PE2811 $b .F67
082    $a 425
092    $a 425 $b F819s
100 1  $a Francis, W. Nelson $q (Winthrop Nelson), $d 1910-
245 14 $a The structure of American English. $c With a chapter on American English dialects by Raven I. McDavid, Jr.
260    $a New York, $b Ronald Press Co. $c [1958]
300    $a vii, 614 p. $b illus. $c 22 cm.
504    $a Includes bibliographies.
650  0 $a English language $z United States $x Grammar.
650  0 $a Language and languages.
907    $a .b10965841 $b 2010-10-01 $c 2001-05-16
909 CO $o oai:mills.tind.io:87483 $p GLOBAL_SET
913    $a BIB
945    $b   -  -   $e   -  -   $f 0 $g 1 $i 33086000395152 $j 0 $l bknf  $o - $p $0.00 $q - $r - $s - $t 40 $u 0 $v 0 $w 0 $x 0 $y .i11177767 $z 05-16-01 $h 0 $2 0 $3 0 $k   -  -   $4   -  -  
979    $a Pbook
998    $a bk $b 2001-03-23 $c m $d a $e - $f eng $g nyu $h 4 $i 1
999    $a 8 $b 33086000395152 $c 1 $e Status: on shelf $f 20200612 $g 8 $h Suppress: 0 $j 425 F819s $r TOT_CHECKOUT: 0

