01453nam a2200397 i 4500
001 9952171884601401
005 20220810150925.0
008 860819s1975    wiua     b    001 0 eng  
010    $a 74005900//r84
020    $a 0299066800
035    $a 30255
035    $a (Mills)RLINCMCG86-B3577
035    $a (MillsTIND)89746
040    $d COMC
041 0  $a engjpn
050 0  $a PL538.S3 $b D3
082    $a 495.6/82/421
092    $a 495.682 $b D235c
100 1  $a Daub, Edward E.
245 10 $a Comprehending technical Japanese / $c Edward E. Daub, R. Byron Bird, Nobuo Inoue.
260    $a Madison : $b University of Wisconsin Press, $c 1975.
300    $a 437 p. : $b ill. ; $c 27 cm.
500    $a English and Japanese.
500    $a Includes indexes.
504    $a Bibliography: p. [436]-437.
650  0 $a Japanese language $x Textbooks for foreign speakers.
650  0 $a Japanese language $x Technical Japanese.
700 1  $a Bird, R. Byron $q (Robert Byron), $d 1924-
700 1  $a Inoue, Nobuo, $d 1919-
907    $a .b10990574 $b 2007-10-29 $c 2001-05-16
909 CO $o oai:mills.tind.io:89746 $p GLOBAL_SET
913    $a BIB
945    $b   -  -   $e   -  -   $f 0 $g 1 $i 33086000402875 $j 0 $l bknf  $o - $p $0.00 $q - $r - $s - $t 40 $u 0 $v 0 $w 0 $x 0 $y .i11205313 $z 05-16-01 $h 0 $2 0 $3 0 $k   -  -   $4   -  -  
979    $a Pbook
998    $a bk $b 2001-03-23 $c m $d a $e - $f eng $g wiu $h 0 $i 1
999    $a 8 $b 33086000402875 $c 1 $e Status: on shelf $f 20200612 $g 8 $h Suppress: 0 $j 495.682 D235c $r TOT_CHECKOUT: 0

