01168nam a2200301 i 4500
001 9952171895701401
005 20220810150927.0
008 860821s1975    nyu           000 0 eng d
010    $a 74031961
020    $a 0873523008
035    $a 30279
035    $a (Mills)RLINCMCG86-B3601
035    $a (MillsTIND)89824
040    $a COMC $c COMC
092    $a 420.7 $b U55
245 04 $a The undergraduate curriculum.
260    $a New York : $b The Modern Language Association of America, $c c1975.
300    $a iv, 123 p. ; $c 23 cm.
440  0 $a Options for the teaching of English ; $v 1
650  0 $a English language $x Study and teaching (Higher) $z United States.
650  0 $a Universities and colleges $x Curricula $z United States.
907    $a .b10991372 $b 2007-10-29 $c 2001-05-16
909 CO $o oai:mills.tind.io:89824 $p GLOBAL_SET
913    $a BIB
945    $b   -  -   $e   -  -   $f 0 $g 1 $i 33086000403113 $j 0 $l bknf  $o - $p $0.00 $q - $r - $s - $t 40 $u 0 $v 0 $w 0 $x 0 $y .i11206160 $z 05-16-01 $h 0 $2 0 $3 0 $k   -  -   $4   -  -  
979    $a Pbook
998    $a bk $b 2001-03-23 $c m $d a $e - $f eng $g nyu $h 4 $i 1
999    $a 8 $b 33086000403113 $c 1 $e Status: on shelf $f 20200612 $g 8 $h Suppress: 0 $j 420.7 U55 $r TOT_CHECKOUT: 0

