01256nam a2200325|i 4500
001 9952172347601401
005 20220810151845.0
008 861022s1944    maua     d    000 0 eng  
010    $a 44000578
035    $a 30950
035    $a (Mills)RLINCMCG86-B4275
035    $a (MillsTIND)91864
040    $c MNS $d NNUT $d CStRLIN
050 0  $a PE1137 $b .K37
082    $a 421.5
092    $a 421.52 $b K37p
100 1  $a Kenyon, John Samuel, $d 1874-1959.
245 12 $a A pronouncing dictionary of American English / $c by John Samuel Kenyon and Thomas Albert Knott.
260    $a Springfield, Mass. : $b G. & C. Merriam, $c c1944.
300    $a lii, 484 p. : $b ill., diagr. ; $c 23 cm.
650  0 $a English language $x Pronunciation.
650  0 $a Americanisms.
700 1  $a Knott, Thomas A. $q (Thomas Albert), $d 1880-1945.
907    $a .b11012985 $b 2007-10-29 $c 2001-05-16
909 CO $o oai:mills.tind.io:91864 $p GLOBAL_SET
913    $a BIB
945    $b   -  -   $e   -  -   $f 0 $g 1 $i 33086000409821 $j 0 $l bknf  $o - $p $0.00 $q - $r - $s - $t 40 $u 0 $v 0 $w 0 $x 0 $y .i11231208 $z 05-16-01 $h 0 $2 0 $3 0 $k   -  -   $4   -  -  
979    $a Pbook
998    $a bk $b 2001-03-23 $c m $d a $e - $f eng $g mau $h 2 $i 1
999    $a 8 $b 33086000409821 $c 1 $e Status: on shelf $f 20200612 $g 8 $h Suppress: 0 $j 421.52 K37p $r TOT_CHECKOUT: 0

