01489nam a2200373   4500
001 9952174199101401
005 20220810164544.0
008 930628s1963    enk      b    000 0 eng  
010    $a 64000707
035    $a 174156
035    $a (Mills)RLINCMCG93-B1663
035    $a (MillsTIND)137640
040    $c MiU $d COMC
050 0  $a DA16 $b .M26
082    $a 942.085082
092    $a 942.084 $b M286d 1963
100 1  $a Mansergh, Nicholas.
245 10 $a Documents and speeches on Commonwealth affairs, 1952-1962.
246 3  $a Commonwealth affairs, 1952-1962
260    $a London, $a New York, $b Oxford University Press, $c 1963.
300    $a xxi, 775 p. $c 25 cm.
500    $a "Issued under the auspices of the Royal Institute of International Affairs."
500    $a Continuation of Documents and speeches on British Commonwealth affairs, 1931-1952.
504    $a Bibliographical footnotes.
610 20 $a Commonwealth of Nations $x History $v Sources.
710 2  $a Royal Institute of International Affairs.
907    $a .b11509569 $b 2007-10-30 $c 2001-05-17
909 CO $o oai:mills.tind.io:137640 $p GLOBAL_SET
913    $a BIB
945    $b   -  -   $e   -  -   $f 0 $g 1 $i 33086003087863 $j 0 $l bknf  $o - $p $0.00 $q - $r - $s - $t 40 $u 0 $v 0 $w 0 $x 0 $y .i12019008 $z 05-17-01 $h 0 $2 0 $3 0 $k   -  -   $4   -  -  
947 00 $a LTI060707
979    $a Pbook
998    $a bk $b 2001-03-23 $c m $d a $e - $f eng $g enk $h 0 $i 0
999    $a 8 $b 33086003087863 $c 1 $e Status: on shelf $f 20200612 $g 8 $h Suppress: 0 $j 942.084 M286d 1963 $r TOT_CHECKOUT: 0

