01308cam a2200373I  4500
001 9952174264201401
005 20220810164611.0
008 720802s1957    njua     b    000 0 eng  
010    $a 57005447
020    $a 0804616299
035    $a 113298
035    $a (Mills)ocm00371864 
035    $a (MillsTIND)139674
040    $a DLC $c CWR $d m.c. $d OCL $d MIQ
049    $a MIQA
050 1  $a DD240 $b .G66
092    $a 943 $b G663r
100 1  $a Gordon, Harold J.
245 14 $a The Reichswehr and the German Republic, 1919-1926.
260    $a Princeton, $b Princeton University Press, $c 1957.
300    $a xvi, 478 p. $b diagrs. $c 25 cm.
504    $a "Critical bibliography": p. 441-462.
610 10 $a Germany. $b Heer.
651  0 $a Germany $x Military policy.
651  0 $a Germany $x Politics and government $y 1918-1933.
907    $a .b11531678 $b 2007-06-13 $c 2001-05-17
909 CO $o oai:mills.tind.io:139674 $p GLOBAL_SET
910    $a rcp20
913    $a BIB
945    $b   -  -   $e   -  -   $f 0 $g 1 $i 33086002234714 $j 0 $l bknf  $o - $p $0.00 $q - $r - $s - $t 40 $u 0 $v 0 $w 0 $x 0 $y .i12045019 $z 05-17-01 $h 0 $2 0 $3 0 $k   -  -   $4   -  -  
947 00 $a LTI060707
979    $a Pbook
998    $a bk $b 2001-03-23 $c m $d a $e - $f eng $g nju $h 4 $i 0
999    $a 8 $b 33086002234714 $c 1 $e Status: on shelf $f 20200612 $g 8 $h Suppress: 0 $j 943 G663r $r TOT_CHECKOUT: 0

