01312cam a2200361I  4500
001 9952174356101401
005 20220810164843.0
008 761129s1945    xx            000 0 eng  
010    $a 45001499
035    $a 113810
035    $a (Mills)ocm02584083 
035    $a (MillsTIND)140557
040    $a DLC $c KSU $d MIQ
049    $a MIQA
050    $a DD238 $b .F68
082    $a 943.085
092    $a 943.085 $b F841g
100 1  $a Fraser, L. M. $q (Lindley Macnaghten), $d 1904-
245 10 $a Germany between two wars, $b a study of propaganda and war-guilt $c [by] Lindley Fraser.
260    $a London, $a New York [etc.] $b Oxford university press, $c 1945.
300    $a vii, [1], 184 p. $c 21 cm.
650  0 $a Propaganda, German.
650  0 $a World War, 1939-1945 $x Propaganda.
651  0 $a Germany $x History $y 1918-1933.
907    $a .b11541751 $b 2007-06-13 $c 2001-05-17
909 CO $o oai:mills.tind.io:140557 $p GLOBAL_SET
910    $a rcp20
913    $a BIB
945    $b   -  -   $e   -  -   $f 0 $g 1 $i 33086002240109 $j 0 $l bknf  $o - $p $0.00 $q - $r - $s - $t 40 $u 0 $v 0 $w 0 $x 0 $y .i12057770 $z 05-17-01 $h 0 $2 0 $3 0 $k   -  -   $4   -  -  
947 00 $a LTI060707
979    $a Pbook
998    $a bk $b 2001-03-23 $c m $d a $e - $f eng $g xx  $h 0 $i 0
999    $a 8 $b 33086002240109 $c 1 $e Status: on shelf $f 20200612 $g 8 $h Suppress: 0 $j 943.085 F841g $r TOT_CHECKOUT: 0

