01481cam a2200397I  4500
001 9952174363501401
005 20220810164848.0
008 720911s1933    nyu           000 0 eng  
010    $a 33022433
035    $a 113915
035    $a (Mills)ocm00403918 
035    $a (MillsTIND)140772
040    $a DLC $c WSU $d OCL $d SER $d m.c. $d OCL $d MIQ
049    $a MIQA
050 0  $a DD240 $b .H65
082    $a 943.084
092    $a 943.085 $b H789g
100 1  $a Hoover, Calvin B. $q (Calvin Bryce), $d 1897-
245 10 $a Germany enters the third reich, $c by Calvin B. Hoover ...
260    $a New York, $b The Macmillan Company, $c 1933.
300    $a 6 p. l., 243 p. $c 23 cm.
600 10 $a Hitler, Adolf, $d 1889-1945.
610 20 $a Nationalsozialistische Deutsche Arbeiter-Partei.
610 20 $a Sozialdemokratische Partei Deutschlands.
650  0 $a Industrial policy $z Germany.
651  0 $a Germany $x Politics and government $y 1933-1945.
651  0 $a Germany $x Economic conditions $y 1918-1945.
907    $a .b11544272 $b 2007-06-13 $c 2001-05-17
909 CO $o oai:mills.tind.io:140772 $p GLOBAL_SET
910    $a rcp20
913    $a BIB
945    $b   -  -   $e   -  -   $f 0 $g 1 $i 33086002241289 $j 0 $l bknf  $o - $p $0.00 $q - $r - $s - $t 40 $u 0 $v 0 $w 0 $x 0 $y .i12060598 $z 05-17-01 $h 0 $2 0 $3 0 $k   -  -   $4   -  -  
947 00 $a LTI060707
979    $a Pbook
998    $a bk $b 2001-03-23 $c m $d a $e - $f eng $g nyu $h 0 $i 0
999    $a 8 $b 33086002241289 $c 1 $e Status: on shelf $f 20200612 $g 8 $h Suppress: 0 $j 943.085 H789g $r TOT_CHECKOUT: 0

