01342cam a2200385I  4500
001 9952174370401401
005 20220810164852.0
008 721226s1957    ilua          000 0 engm 
010    $a 57007395 /L
035    $a 113969
035    $a (Mills)ocm00523766 
035    $a (MillsTIND)140870
040    $a DLC $c WSU $d OCL $d MIQ
049    $a MIQA
050 0  $a DD240 $b .L8
082    $a 943.085
092    $a 943.085 $b L975g
100 1  $a Lutz, Hermann, $d 1881-1965.
245 10 $a German-French unity, $b basis for European peace.
260    $a Chicago, $b H. Regnery Co., $c 1957.
300    $a 257 p.
504    $a Includes bibliographies.
630 00 $a Treaty of Versailles $d (1919)
651  0 $a Germany $x Politics and government $y 1918-1933.
651  0 $a Germany $x Foreign relations $z France.
651  0 $a France $x Foreign relations $z Germany.
907    $a .b11545537 $b 2007-06-13 $c 2001-05-17
909 CO $o oai:mills.tind.io:140870 $p GLOBAL_SET
910    $a rcp20
913    $a BIB
945    $b   -  -   $e   -  -   $f 0 $g 1 $i 33086002241826 $j 0 $l bknf  $o - $p $0.00 $q - $r - $s - $t 40 $u 0 $v 0 $w 0 $x 0 $y .i12062613 $z 05-17-01 $h 0 $2 0 $3 0 $k   -  -   $4   -  -  
947 00 $a LTI060707
979    $a Pbook
998    $a bk $b 2001-03-23 $c m $d a $e - $f eng $g ilu $h 0 $i 0
999    $a 8 $b 33086002241826 $c 1 $e Status: on shelf $f 20200612 $g 8 $h Suppress: 0 $j 943.085 L975g $r TOT_CHECKOUT: 0

