01305cam a2200361I  4500
001 9952174433601401
005 20220810164856.0
008 760115s1915    enk           000 0 engm 
010    $a 15006074
035    $a 113643
035    $a (Mills)ocm01930325 
035    $a (MillsTIND)140229
040    $a DLC $c CIN $d SER $d OCL $d MIQ
049    $a MIQA
050 0  $a DD117 $b .D3
092    $a 943.08 $b D272w
100 1  $a Dawson, William Harbutt, $d 1860-1948.
245 10 $a What is wrong with Germany? $c By William Harbutt Dawson ...
260    $a London, $a New York [etc.] $b Longmans, Green and Co., $c 1915.
300    $a xii, 227 p. $c 20 cm.
650  0 $a World War, 1914-1918 $x Causes.
651  0 $a Germany $x Civilization.
651  0 $a Germany $x Politics and government.
651  0 $a Germany $x Foreign relations.
907    $a .b11538041 $b 2007-06-13 $c 2001-05-17
909 CO $o oai:mills.tind.io:140229 $p GLOBAL_SET
910    $a rcp20
913    $a BIB
945    $b   -  -   $e   -  -   $f 0 $g 1 $i 33086002238368 $j 0 $l bknf  $o - $p $0.00 $q - $r - $s - $t 40 $u 0 $v 0 $w 0 $x 0 $y .i12053648 $z 05-17-01 $h 0 $2 0 $3 0 $k   -  -   $4   -  -  
947 00 $a LTI060707
979    $a Pbook
998    $a bk $b 2001-03-23 $c m $d a $e - $f eng $g enk $h 0 $i 0
999    $a 8 $b 33086002238368 $c 1 $e Status: on shelf $f 20200612 $g 8 $h Suppress: 0 $j 943.08 D272w $r TOT_CHECKOUT: 0

