01527nam a2200361I  4500
001 9952174506901401
005 20220810164909.0
008 730424|1879||||xx            000 0 eng u
010    $a 04025814
035    $a 113682
035    $a (Mills)ocm00608895 
035    $a (MillsTIND)140318
040    $c KSU $d m.c. $d MIQ
049    $a MIQA
050 0  $a DC285 $b .B97
092    $a 943.082 $b B978b
100 1  $a Busch, Moritz, $d 1821-1899.
245 10 $a Bismarck in the Franco-German war, 1870-1871. $c Authorized translation from the German of Dr. Moritz Busch.
260    $a New York, $b C. Scribner's sons $c [1879]
300    $a 2 v. $c 20 cm.
600 10 $a Bismarck, Otto, $c Furst von, $d 1815-1898.
650  0 $a Franco-Prussian War, 1870-1871.
907    $a .b11539045 $b 2009-03-23 $c 2001-05-17
909 CO $o oai:mills.tind.io:140318 $p GLOBAL_SET
910    $a rcp20
913    $a BIB
945    $b   -  -   $c v. 1 $e   -  -   $f 0 $g 1 $i 33086002238780 $j 0 $l bknf  $o - $p $0.00 $q - $r - $s - $t 40 $u 0 $v 0 $w 0 $x 0 $y .i12054689 $z 05-17-01 $h 0 $2 0 $3 0 $k   -  -   $4   -  -  
945    $b   -  -   $c v. 2 $e   -  -   $f 0 $g 1 $i 33086001695923 $j 0 $l bknf  $o - $p $0.00 $q - $r - $s - $t 40 $u 0 $v 0 $w 0 $x 0 $y .i12054690 $z 05-17-01 $h 0 $2 0 $3 0 $k   -  -   $4   -  -  
947 00 $a LTI060707
979    $a Pbook
998    $a bk $b 2001-03-23 $c m $d a $e - $f eng $g xx  $h 0 $i 0
999    $a 8 $b 33086002238780 $c 1 $d v. 1 $e Status: on shelf $f 20200612 $g 8 $h Suppress: 0 $j 943.082 B978b $r TOT_CHECKOUT: 0
999    $a 8 $b 33086001695923 $c 1 $d v. 2 $e Status: on shelf $f 20200612 $g 8 $h Suppress: 0 $j 943.082 B978b $r TOT_CHECKOUT: 0

