01365cam a2200373I  4500
001 9952174512501401
005 20220810164909.0
008 720118s1966    njua     b    000 0 eng  
010    $a 66010553
035    $a 113734
035    $a (Mills)ocm00223682 
035    $a (MillsTIND)140418
040    $a DLC $c WSU $d SER $d m.c. $d SER $d MIQ
049    $a MIQA
050 0  $a HC286.2 $b .F4
082    $a 940.31
092    $a 943.084 $b F312a
100 1  $a Feldman, Gerald D.
245 10 $a Army, industry, and labor in Germany, 1914-1918, $c by Gerald D. Feldman.
260    $a Princeton, N.J., $b Princeton University Press, $c 1966.
300    $a xvi, 572 p. $b illus. $c 22 cm.
500    $a Revision of thesis, Harvard University.
504    $a "Bibliographical note": p. 543-546.
650  0 $a World War, 1914-1918 $x Economic aspects $z Germany.
650  0 $a Manpower $z Germany.
907    $a .b11540138 $b 2007-06-13 $c 2001-05-17
909 CO $o oai:mills.tind.io:140418 $p GLOBAL_SET
910    $a rcp20
913    $a BIB
945    $b   -  -   $e   -  -   $f 0 $g 1 $i 33086002239341 $j 0 $l bknf  $o - $p $0.00 $q - $r - $s - $t 40 $u 0 $v 0 $w 0 $x 0 $y .i12055888 $z 05-17-01 $h 0 $2 0 $3 0 $k   -  -   $4   -  -  
947 00 $a LTI060707
979    $a Pbook
998    $a bk $b 2001-03-23 $c m $d a $e - $f eng $g nju $h 0 $i 0
999    $a 8 $b 33086002239341 $c 1 $e Status: on shelf $f 20200612 $g 8 $h Suppress: 0 $j 943.084 F312a $r TOT_CHECKOUT: 0

