01870cam a2200397I  4500
001 9952174517101401
005 20220810164906.0
008 750213s1916    enk           000 0 engmc
010    $a war16000116
035    $a 113715
035    $a (Mills)ocm01170856 
035    $a (MillsTIND)140374
040    $a Library, War College Div. General Staff $c CIN $d SER $d MIQ
041 1  $a eng $h fre
049    $a MIQA
050 0  $a D515 $b .B5
092    $a 943.083 $b B573g
100 1  $a Beyens, Eugene-Napoleon, $c baron, $d 1855-1934.
245 10 $a Germany before the war, $c by Baron Beyens ... Tr. by Paul V. Cohn ...
260    $a London, $a New York [etc.] $b T. Nelson and Sons, Ltd. $c [1916]
300    $a 366 p. $c 19 cm.
500    $a Translation of L'Allemagne avant la guerre.
505 0  $a Introduction.--I. The Emperor William.--II. The imperial family, court, and government.--III. The army and the navy--the war party.--IV. The Reichstag and political parties.--V. Public opinion--economic causes of the war.--VI. The Moroccan question.--VII. The eastern question.--VIII. The week of tragedy.--IX. Belgian neutrality and the invasion of Belgium.--Conclusion.--Appendix.
650  0 $a World War, 1914-1918 $x Causes.
651  0 $a Germany $x Politics and government $y 1871-1918.
651  0 $a Germany $x Foreign relations $y 1871-1918.
700 1  $a Cohn, Paul V. $q (Paul Victor)
907    $a .b11539689 $b 2009-03-23 $c 2001-05-17
909 CO $o oai:mills.tind.io:140374 $p GLOBAL_SET
910    $a rcp20
913    $a BIB
945    $b   -  -   $e   -  -   $f 0 $g 1 $i 33086002239150 $j 0 $l bknf  $o - $p $0.00 $q - $r - $s - $t 40 $u 0 $v 0 $w 0 $x 0 $y .i12055359 $z 05-17-01 $h 0 $2 0 $3 0 $k   -  -   $4   -  -  
947 00 $a LTI060707
979    $a Pbook
998    $a bk $b 2001-03-23 $c m $d a $e - $f eng $g enk $h 0 $i 0
999    $a 8 $b 33086002239150 $c 1 $e Status: on shelf $f 20200612 $g 8 $h Suppress: 0 $j 943.083 B573g $r TOT_CHECKOUT: 0

