01367cam a2200373I  4500
001 9952174537101401
005 20220810164916.0
008 750310r19401939nyu           000 0 eng  
010    $a 40027114
035    $a 114000
035    $a (Mills)ocm01208451 
035    $a (MillsTIND)140919
040    $a DLC $c VTJ $d OCL $d MIQ
049    $a MIQA
050 0  $a DD247.H5 $b R3 1940
092    $a 943.085 $b R248v
100 1  $a Rauschning, Hermann, $d 1887-1982.
245 14 $a The voice of destruction. $c By arrangement with Alliance book corporation.
246 3  $a Hitler speaks
260    $a New York, $b Putnam $c [c1940]
300    $a viii, 295 p. $c 22 cm.
500    $a London edition (T. Butterworth, ltd., 1939) has title: Hitler speaks.
600 10 $a Hitler, Adolf, $d 1889-1945.
650  0 $a National socialism.
651  0 $a Germany $x Politics and government $y 1933-1945.
907    $a .b11546190 $b 2007-06-13 $c 2001-05-17
909 CO $o oai:mills.tind.io:140919 $p GLOBAL_SET
910    $a rcp20
913    $a BIB
945    $b   -  -   $e   -  -   $f 0 $g 1 $i 33086002242154 $j 0 $l bknf  $o - $p $0.00 $q - $r - $s - $t 40 $u 0 $v 0 $w 0 $x 0 $y .i12064105 $z 05-17-01 $h 0 $2 0 $3 0 $k   -  -   $4   -  -  
947 00 $a LTI060707
979    $a Pbook
998    $a bk $b 2001-03-23 $c m $d a $e - $f eng $g nyu $h 4 $i 0
999    $a 8 $b 33086002242154 $c 1 $e Status: on shelf $f 20200612 $g 8 $h Suppress: 0 $j 943.085 R248v $r TOT_CHECKOUT: 0

