01274cam a2200337I  4500
001 9952174537901401
005 20220810164917.0
008 740925|1871||||xx            000 0 eng u
010    $a 04027316
035    $a 113471
035    $a (Mills)ocm01020828 
035    $a (MillsTIND)139918
040    $c TLM $d OCL $d m/c $d MIQ
049    $a MIQA
050    $a DD404 $b .A13
092    $a 943.05 $b A132h
100 1  $a Abbott, John S. C. $q (John Stevens Cabot), $d 1805-1877.
245 10 $a History of Frederick the Second, $b called Frederick the Great. $c By John S. C. Abbott.
260    $a New York, $b Harper & Brothers, $c 1871.
300    $a xvi, 17-584 p. $b incl. front., illus. $c 25 cm.
600 00 $a Frederick $b II, $c King of Prussia, $d 1712-1786.
651  0 $a Prussia (Germany) $x History.
907    $a .b11534400 $b 2007-06-13 $c 2001-05-17
909 CO $o oai:mills.tind.io:139918 $p GLOBAL_SET
910    $a rcp20
913    $a BIB
945    $b   -  -   $e   -  -   $f 0 $g 1 $i 33086002236545 $j 0 $l bknf  $o - $p $0.00 $q - $r - $s - $t 40 $u 0 $v 0 $w 0 $x 0 $y .i1204877x $z 05-17-01 $h 0 $2 0 $3 0 $k   -  -   $4   -  -  
947 00 $a LTI060707
979    $a Pbook
998    $a bk $b 2001-03-23 $c m $d a $e - $f eng $g xx  $h 0 $i 0
999    $a 8 $b 33086002236545 $c 1 $e Status: on shelf $f 20200612 $g 8 $h Suppress: 0 $j 943.05 A132h $r TOT_CHECKOUT: 0

