01396cam a2200385I  4500
001 9952174546901401
005 20220810164916.0
008 750415s1965    mau      b    000 0beng u
010    $a 65019828
035    $a 113577
035    $a (Mills)ocm01280004 
035    $a (MillsTIND)140097
040    $c WAL $d SER $d m/c $d MIQ
049    $a MIQA
050    $a DD416.S8 $b R24
082    $a 943.060/924
092    $a 943.06 $b R111f
100 1  $a Raack, R. C.
245 14 $a The fall of Stein $c [by] R.C. Raack.
260    $a Cambridge, Mass., $b Harvard University Press, $c 1965.
300    $a xi, 217 p. $c 21 cm.
490 1  $a Harvard historical monographs ; $v 58
504    $a "Bibliographical essay": p. [175]-208.
600 10 $a Stein, Karl, $c Freiherr vom und zum, $d 1757-1831.
651  0 $a Prussia (Germany) $x Politics and government $y 1806-1848.
830  0 $a Harvard historical monographs ; $v v. 58.
907    $a .b1153655x $b 2007-06-13 $c 2001-05-17
909 CO $o oai:mills.tind.io:140097 $p GLOBAL_SET
910    $a rcp20
913    $a BIB
945    $b   -  -   $e   -  -   $f 0 $g 1 $i 33086002237667 $j 0 $l bknf  $o - $p $0.00 $q - $r - $s - $t 40 $u 0 $v 0 $w 0 $x 0 $y .i12051974 $z 05-17-01 $h 0 $2 0 $3 0 $k   -  -   $4   -  -  
947 00 $a LTI060707
979    $a Pbook
998    $a bk $b 2001-03-23 $c m $d a $e - $f eng $g mau $h 4 $i 0
999    $a 8 $b 33086002237667 $c 1 $e Status: on shelf $f 20200612 $g 8 $h Suppress: 0 $j 943.06 R111f $r TOT_CHECKOUT: 0

