03383nam a2200553I  4500
001 9952174548401401
005 20220810164918.0
008 760227m18901898nyubc         000 0 engm 
010    $a 04017618
035    $a 113620
035    $a (Mills)ocm02017775 
035    $a (MillsTIND)140188
040    $a DLC $c CIN $d CIN $d m.c. $d MIQ
049    $a MIQA
050    $a DD210 $b .S8
092    $a 943.07 $b S981f
100 1  $a Sybel, Heinrich von, $d 1817-1895.
245 14 $a The founding of the German empire by William I. $b Based chiefly upon Prussian state documents; $c by Heinrich von Sybel. Tr. by Marshall Livingston Perrin. Assisted by Gamaliel Bradford, jr.
260    $a New York, $b T. Y. Crowell & co. $c [1890-98]
300    $a 7 v. $b fronts. (ports.) illus. (maps) $c 22 cm.
500    $a Vols. 6 and 7 translated by Helene Schimmelfennig White.
651  0 $a Germany $x History $y 1815-1866.
651  0 $a Germany $x History $y 1866-1871.
651  0 $a Germany $x Politics and government $y 1815-1866.
651  0 $a Germany $x Politics and government $y 1866-1871.
700 1  $a Perrin, Marshall Livingston, $d 1855-1935.
700 1  $a Bradford, Gamaliel, $d 1863-1932.
700 1  $a White, Helene S. $q (Helene Schimmelfennig)
907    $a .b11537590 $b 2007-06-13 $c 2001-05-17
909 CO $o oai:mills.tind.io:140188 $p GLOBAL_SET
910    $a rcp20
913    $a BIB
945    $b   -  -   $c v. 1 $e   -  -   $f 0 $g 1 $i 33086002238095 $j 0 $l bknf  $o - $p $0.00 $q - $r - $s - $t 40 $u 0 $v 0 $w 0 $x 0 $y .i12053107 $z 05-17-01 $h 0 $2 0 $3 0 $k   -  -   $4   -  -  
945    $b   -  -   $c v. 2 $e   -  -   $f 0 $g 1 $i 33086001694710 $j 0 $l bknf  $o - $p $0.00 $q - $r - $s - $t 40 $u 0 $v 0 $w 0 $x 0 $y .i12053119 $z 05-17-01 $h 0 $2 0 $3 0 $k   -  -   $4   -  -  
945    $b   -  -   $c v. 3 $e   -  -   $f 0 $g 1 $i 33086001694728 $j 0 $l bknf  $o - $p $0.00 $q - $r - $s - $t 40 $u 0 $v 0 $w 0 $x 0 $y .i12053120 $z 05-17-01 $h 0 $2 0 $3 0 $k   -  -   $4   -  -  
945    $b   -  -   $c v. 4 $e   -  -   $f 0 $g 1 $i 33086001694736 $j 0 $l bknf  $o - $p $0.00 $q - $r - $s - $t 40 $u 0 $v 0 $w 0 $x 0 $y .i12053132 $z 05-17-01 $h 0 $2 0 $3 0 $k   -  -   $4   -  -  
945    $b   -  -   $c v. 5 $e   -  -   $f 0 $g 1 $i 33086001694744 $j 0 $l bknf  $o - $p $0.00 $q - $r - $s - $t 40 $u 0 $v 0 $w 0 $x 0 $y .i12053144 $z 05-17-01 $h 0 $2 0 $3 0 $k   -  -   $4   -  -  
945    $b   -  -   $c v. 6 $e   -  -   $f 0 $g 1 $i 33086001694751 $j 0 $l bknf  $o - $p $0.00 $q - $r - $s - $t 40 $u 0 $v 0 $w 0 $x 0 $y .i12053156 $z 05-17-01 $h 0 $2 0 $3 0 $k   -  -   $4   -  -  
945    $b   -  -   $c v. 7 $e   -  -   $f 0 $g 1 $i 33086001694769 $j 0 $l bknf  $o - $p $0.00 $q - $r - $s - $t 40 $u 0 $v 0 $w 0 $x 0 $y .i12053168 $z 05-17-01 $h 0 $2 0 $3 0 $k   -  -   $4   -  -  
947 00 $a LTI060707
979    $a Pbook
998    $a bk $b 2001-03-23 $c m $d a $e - $f eng $g nyu $h 4 $i 0
999    $a 8 $b 33086002238095 $c 1 $d v. 1 $e Status: on shelf $f 20200612 $g 8 $h Suppress: 0 $j 943.07 S981f $r TOT_CHECKOUT: 0
999    $a 8 $b 33086001694710 $c 1 $d v. 2 $e Status: on shelf $f 20200612 $g 8 $h Suppress: 0 $j 943.07 S981f $r TOT_CHECKOUT: 0
999    $a 8 $b 33086001694728 $c 1 $d v. 3 $e Status: on shelf $f 20200612 $g 8 $h Suppress: 0 $j 943.07 S981f $r TOT_CHECKOUT: 0
999    $a 8 $b 33086001694736 $c 1 $d v. 4 $e Status: on shelf $f 20200612 $g 8 $h Suppress: 0 $j 943.07 S981f $r TOT_CHECKOUT: 0
999    $a 8 $b 33086001694744 $c 1 $d v. 5 $e Status: on shelf $f 20200612 $g 8 $h Suppress: 0 $j 943.07 S981f $r TOT_CHECKOUT: 0
999    $a 8 $b 33086001694751 $c 1 $d v. 6 $e Status: on shelf $f 20200612 $g 8 $h Suppress: 0 $j 943.07 S981f $r TOT_CHECKOUT: 0
999    $a 8 $b 33086001694769 $c 1 $d v. 7 $e Status: on shelf $f 20200612 $g 8 $h Suppress: 0 $j 943.07 S981f $r TOT_CHECKOUT: 0

