01401cam a2200385   4500
001 9952174572701401
005 20220810164928.0
008 701216s1970    caubfj   b    001 0beng  
010    $a 70104107 //r882
020    $a 0520016718 $c $10.95
035    $a 115089
035    $a (Mills)ocm00106149 
035    $a (MillsTIND)143224
040    $a DLC $c DLC $d m.c. $d MIQ
049    $a MIQA
050 0  $a DA154.8 $b .B297
082    $a 942.02/0924
092    $a 942.02 $b B258e
100 1  $a Barlow, Frank.
245 10 $a Edward the Confessor.
260    $a Berkeley, $b University of California Press, $c 1970.
300    $a xxviii, 375 p. $b fold. geneal. table, maps, plates. $c 25 cm.
504    $a Bibliography: p. 345-357.
600 00 $a Edward, $c King of England, $d ca. 1003-1066.
650  0 $a Anglo-Saxons $x Kings and rulers $v Biography.
651  0 $a Great Britain $x History $y Edward, the Confessor, 1042-1066.
907    $a .b11571779 $b 2007-06-13 $c 2001-05-17
909 CO $o oai:mills.tind.io:143224 $p GLOBAL_SET
910    $a rcp21
913    $a BIB
945    $b   -  -   $e   -  -   $f 0 $g 1 $i 33086002254308 $j 0 $l bknf  $o - $p $0.00 $q - $r - $s - $t 40 $u 0 $v 0 $w 0 $x 0 $y .i1209447x $z 05-17-01 $h 0 $2 0 $3 0 $k   -  -   $4   -  -  
947 00 $a LTI060707
979    $a Pbook
998    $a bk $b 2001-03-23 $c m $d a $e - $f eng $g cau $h 0 $i 0
999    $a 8 $b 33086002254308 $c 1 $e Status: on shelf $f 20200612 $g 8 $h Suppress: 0 $j 942.02 B258e $r TOT_CHECKOUT: 0

