01448cam a2200409I  4500
001 9952174650301401
005 20220810164943.0
008 730322s1945    nyu           000 0 engm 
010    $a 45004284
035    $a 113939
035    $a (Mills)ocm00585882 
035    $a (MillsTIND)140812
040    $a DLC $c KSU $d SER $d MIQ
041 1  $a eng $h ger
049    $a MIQA
050 0  $a DD247.H5 $b K58
082    $a 943.086
092    $a 943.085 $b K76h
100 1  $a Koch-Weser, Erich, $d 1875-1944.
245 10 $a Hitler and beyond, $b a German testament, $c by Erich Koch-Weser, translated by Olga Marx ...
260    $a New York, $b A.A. Knopf, $c 1945.
300    $a xii p., 1 l., 217, [1] p. $c 22 cm.
500    $a "First edition."
600 10 $a Hitler, Adolf, $d 1889-1945.
650  0 $a National socialism.
650  0 $a Reconstruction (1939-1951) $z Germany.
651  0 $a Germany $x Politics and government $y 20th century.
700 1  $a Marx, Olga, $d 1894-
907    $a .b11544831 $b 2007-06-13 $c 2001-05-17
909 CO $o oai:mills.tind.io:140812 $p GLOBAL_SET
910    $a rcp20
913    $a BIB
945    $b   -  -   $e   -  -   $f 0 $g 1 $i 33086002241529 $j 0 $l bknf  $o - $p $0.00 $q - $r - $s - $t 40 $u 0 $v 0 $w 0 $x 0 $y .i12061840 $z 05-17-01 $h 0 $2 0 $3 0 $k   -  -   $4   -  -  
947 00 $a LTI060707
979    $a Pbook
998    $a bk $b 2001-03-23 $c m $d a $e - $f eng $g nyu $h 0 $i 0
999    $a 8 $b 33086002241529 $c 1 $e Status: on shelf $f 20200612 $g 8 $h Suppress: 0 $j 943.085 K76h $r TOT_CHECKOUT: 0

