01371cam a22003611  4500
001 9952174653901401
005 20220810164938.0
008 731030s1964    nyuach   b    000 0bengm 
010    $a 64015454 //r852
035    $a 115963
035    $a (Mills)ocm00293545 
035    $a (MillsTIND)145017
040    $a DLC $c DLC $d m.c. $d MIQ
049    $a MIQA
050 0  $a DA396.A22 $b W4
082    $a 942.062
092    $a 942.062 $b W393c
100 1  $a Wedgwood, C. V. $q (Cicely Veronica), $d 1910-1997.
245 12 $a A coffin for King Charles; $b the trial and execution of Charles I $c [by] C. V. Wedgwood.
260    $a New York, $b Macmillan $c [1964]
300    $a 307 p. $b illus., facsims., ports. $c 21 cm.
500    $a London ed. (Collins) has title: The trial of Charles I.
504    $a "Bibliographical note": p. 263-264.
600 00 $a Charles $b I, $c King of England, $d 1600-1649.
907    $a .b11591596 $b 2007-06-13 $c 2001-05-17
909 CO $o oai:mills.tind.io:145017 $p GLOBAL_SET
910    $a rcp21
913    $a BIB
945    $b   -  -   $e   -  -   $f 0 $g 1 $i 33086002264075 $j 0 $l bknf  $o - $p $0.00 $q - $r - $s - $t 40 $u 0 $v 0 $w 0 $x 0 $y .i12122634 $z 05-17-01 $h 0 $2 0 $3 0 $k   -  -   $4   -  -  
947 00 $a LTI060707
979    $a Pbook
998    $a bk $b 2001-03-23 $c m $d a $e - $f eng $g nyu $h 2 $i 0
999    $a 8 $b 33086002264075 $c 1 $e Status: on shelf $f 20200612 $g 8 $h Suppress: 0 $j 942.062 W393c $r TOT_CHECKOUT: 0

