01556cam a2200397I  4500
001 9952174654401401
005 20220810164943.0
008 730130s1940    enk      b    000 0 engec
010    $a a  41000644
020    $a 0838314724
035    $a 115960
035    $a (Mills)ocm00547619 
035    $a (MillsTIND)145011
040    $a Harvard univ. Library $c KSU $d m.c. $d SER $d MIQ
049    $a MIQA
050 0  $a DA429.W5 $b P4
082    $a 942.062
092    $a 942.062 $b P477L
100 1  $a Petegorsky, David W.
245 10 $a Left-wing democracy in the English Civil War; $b a study of the social philosophy of Gerrard Winstanley, $c by David W. Petegorsky.
260    $a London, $b V. Gollancz Ltd., $c 1940.
300    $a 254 p. $c 19 cm.
500    $a "Originally presented as a doctoral dissertation in the University of London."--Pref.
504    $a "A list of the Digger writings": p. [249]-250. Bibliography: p. [251]-254.
600 10 $a Winstanley, Gerrard, $d b. 1609.
650  0 $a Levellers.
651  0 $a Great Britain $x History $y Civil War, 1642-1649.
907    $a .b11591535 $b 2007-06-13 $c 2001-05-17
909 CO $o oai:mills.tind.io:145011 $p GLOBAL_SET
910    $a rcp21
913    $a BIB
945    $b   -  -   $e   -  -   $f 0 $g 1 $i 33086002264042 $j 0 $l bknf  $o - $p $0.00 $q - $r - $s - $t 40 $u 0 $v 0 $w 0 $x 0 $y .i12122579 $z 05-17-01 $h 0 $2 0 $3 0 $k   -  -   $4   -  -  
947 00 $a LTI060707
979    $a Pbook
998    $a bk $b 2001-03-23 $c m $d a $e - $f eng $g enk $h 0 $i 0
999    $a 8 $b 33086002264042 $c 1 $e Status: on shelf $f 20200612 $g 8 $h Suppress: 0 $j 942.062 P477L $r TOT_CHECKOUT: 0

