01238cam a2200325I  4500
001 9952174676001401
005 20220810164953.0
008 720125|1941||||xx            000 0 eng u
035    $a 115185
035    $a (Mills)ocm00227938 
035    $a (MillsTIND)143419
040    $c KSU $d m.c. $d OCL $d MIQ
049    $a MIQA
092    $a 942.038 $b S813r
100 1  $a Steel, Anthony Bedford, $d 1900-
245 10 $a Richard II, $c by Anthony Steel ... With a foreword by G.M. Trevelyan.
260    $a Cambridge [Eng.] $b The University press $c [1941]
300    $a x, 320 p. $b facsim. $c 22 cm.
504    $a Bibliography: p. [301]-305.
600 00 $a Richard $b II, $c King of England, $d 1367-1400.
651  0 $a Great Britain $x History $y Richard II, 1377-1399.
907    $a .b11574173 $b 2007-06-13 $c 2001-05-17
909 CO $o oai:mills.tind.io:143419 $p GLOBAL_SET
910    $a rcp21
913    $a BIB
945    $b   -  -   $e   -  -   $f 0 $g 1 $i 33086002255305 $j 0 $l bknf  $o - $p $0.00 $q - $r - $s - $t 40 $u 0 $v 0 $w 0 $x 0 $y .i12097809 $z 05-17-01 $h 0 $2 0 $3 0 $k   -  -   $4   -  -  
947 00 $a LTI060707
979    $a Pbook
998    $a bk $b 2001-03-23 $c m $d a $e - $f eng $g xx  $h 0 $i 0
999    $a 8 $b 33086002255305 $c 1 $e Status: on shelf $f 20200612 $g 8 $h Suppress: 0 $j 942.038 S813r $r TOT_CHECKOUT: 0

