01358cam a2200361I  4500
001 9952174684501401
005 20220810164956.0
008 720822s1964    nyuch    b    000 0 engm 
010    $a 64007542
035    $a 115306
035    $a (Mills)ocm00386928 
035    $a (MillsTIND)143730
040    $a DLC $c WSU $d m.c. $d OCL $d SER $d MIQ
049    $a MIQA
050 0  $a BX9334.2 $b .H3
092    $a 942.055 $b H185e
100 1  $a Haller, William, $d b. 1885.
245 10 $a Elizabeth I and the Puritans.
260    $a Ithaca, N.Y., $b Published for the Folger Shakespeare Library [by] Cornell University Press $c [1964]
300    $a 40 p. $b facsims., ports. $c 22 cm.
440  0 $a Folger booklets on Tudor and Stuart civilization
504    $a "Suggested reading": p. 39-40.
600 00 $a Elizabeth $b I, $c Queen of England, $d 1533-1603.
650  0 $a Puritans $z England.
907    $a .b11577496 $b 2007-06-13 $c 2001-05-17
909 CO $o oai:mills.tind.io:143730 $p GLOBAL_SET
910    $a rcp21
913    $a BIB
945    $b   -  -   $e   -  -   $f 0 $g 1 $i 33086002256659 $j 0 $l bknf  $o - $p $0.00 $q - $r - $s - $t 40 $u 0 $v 0 $w 0 $x 0 $y .i12101758 $z 05-17-01 $h 0 $2 0 $3 0 $k   -  -   $4   -  -  
947 00 $a LTI060707
979    $a Pbook
998    $a bk $b 2001-03-23 $c m $d a $e - $f eng $g nyu $h 0 $i 0
999    $a 8 $b 33086002256659 $c 1 $e Status: on shelf $f 20200612 $g 8 $h Suppress: 0 $j 942.055 H185e $r TOT_CHECKOUT: 0

