01371cam a2200373I  4500
001 9952174689101401
005 20220810164951.0
008 720504s1953    enkbj    b    000 0 engmc
010    $a a  54001403
035    $a 115173
035    $a (Mills)ocm00300724 
035    $a (MillsTIND)143389
040    $a Rochester. Univ. Libr. $c HEI $d m.c. $d SER $d MIQ
049    $a MIQA
050 0  $a DA225 $b .P65
082    $a 942.034
092    $a 942.034 $b P888t
100 1  $a Powicke, F. M. $q (Frederick Maurice), $d 1879-1963.
245 14 $a The thirteenth century, 1216-1307.
260    $a Oxford, $b Clarendon Press, $c 1953.
300    $a xiv, 829 p. $b 4 maps, geneal. tables (1 fold.) $c 23 cm.
490 1  $a Oxford history of England ; $v [v. 4]
504    $a Bibliography: p. [720]-778.
651  0 $a Great Britain $x History $y 13th century.
830  0 $a Oxford history of England ; $v 4.
907    $a .b11573867 $b 2007-06-13 $c 2001-05-17
909 CO $o oai:mills.tind.io:143389 $p GLOBAL_SET
910    $a rcp21
913    $a BIB
945    $b   -  -   $e   -  -   $f 0 $g 1 $i 33086002255172 $j 0 $l bknf  $o - $p $0.00 $q - $r - $s - $t 40 $u 0 $v 0 $w 0 $x 0 $y .i12097354 $z 05-17-01 $h 0 $2 0 $3 0 $k   -  -   $4   -  -  
947 00 $a LTI060707
979    $a Pbook
998    $a bk $b 2001-03-23 $c m $d a $e - $f eng $g enk $h 4 $i 0
999    $a 8 $b 33086002255172 $c 1 $e Status: on shelf $f 20200612 $g 8 $h Suppress: 0 $j 942.034 P888t $r TOT_CHECKOUT: 0

