01439cam a2200409I  4500
001 9952174703401401
005 20220810164958.0
008 720905s1959    enkb     b    001 0 enge 
010    $a 59001862
035    $a 115391
035    $a (Mills)ocm00398743 
035    $a (MillsTIND)143913
040    $a DLC $c WSU $d m.c. $d OCL $d CLU $d SER $d MIQ
043    $a e-uk---
049    $a MIQA $c 171595
050 0  $a DA390 $b .D3 1959
082    $a 942.06
092    $a 942.06 $b D255e2
100 1  $a Davies, Godfrey, $d 1892-1957.
245 14 $a The early Stuarts, 1603-1660.
250    $a 2d ed.
260    $a Oxford, $b Clarendon Press, $c 1959.
300    $a xxii, 458 p. $b maps. $c 23 cm.
440  0 $a Oxford history of England ; $v 9
500    $a Includes index.
504    $a Bibliography: p. [417]-443.
651  0 $a Great Britain $x History $y Early Stuarts, 1603-1649.
651  0 $a Great Britain $x History $y Commonwealth and Protectorate, 1649-1660.
907    $a .b11579535 $b 2007-06-13 $c 2001-05-17
909 CO $o oai:mills.tind.io:143913 $p GLOBAL_SET
910    $a rcp21
913    $a BIB
945    $b   -  -   $e   -  -   $f 0 $g 1 $i 33086002257525 $j 0 $l bknf  $o - $p $0.00 $q - $r - $s - $t 40 $u 0 $v 0 $w 0 $x 0 $y .i12106902 $z 05-17-01 $h 0 $2 0 $3 0 $k   -  -   $4   -  -  
947 00 $a LTI060707
979    $a Pbook
998    $a bk $b 2001-03-23 $c m $d a $e - $f eng $g enk $h 4 $i 0
999    $a 8 $b 33086002257525 $c 1 $e Status: on shelf $f 20200612 $g 8 $h Suppress: 0 $j 942.06 D255e2 $r TOT_CHECKOUT: 0

