01356cam a2200385I  4500
001 9952174704101401
005 20220810164953.0
008 750623s1955    enkbj    b    000 0 engm 
010    $a 56002492
035    $a 115388
035    $a (Mills)ocm01404351 
035    $a (MillsTIND)143906
040    $a DLC $c BPS $d OCL $d WSU $d OCL $d MIQ
049    $a MIQA
050    $a DA435 $b .C55 1955
082    $a 942.06
092    $a 942.06 $b C593L2
100 1  $a Clark, G. N. $q (George Norman), $c Sir, $d 1890-
245 14 $a The later Stuarts, 1660-1714.
250    $a 2d ed.
260    $a Oxford, $b Clarendon Press, $c 1955.
300    $a xxiii, 479 p. $b maps, geneal. tables. $c 23 cm.
490 1  $a The Oxford history of England
504    $a Bibliography: p. [423]-458.
651  0 $a Great Britain $x History $y Stuarts, 1603-1714.
830  0 $a Oxford history of England.
907    $a .b11579468 $b 2007-06-13 $c 2001-05-17
909 CO $o oai:mills.tind.io:143906 $p GLOBAL_SET
910    $a rcp21
913    $a BIB
945    $b   -  -   $e   -  -   $f 0 $g 1 $i 33086002257491 $j 0 $l bknf  $o - $p $0.00 $q - $r - $s - $t 40 $u 0 $v 0 $w 0 $x 0 $y .i12106835 $z 05-17-01 $h 0 $2 0 $3 0 $k   -  -   $4   -  -  
947 00 $a LTI060707
979    $a Pbook
998    $a bk $b 2001-03-23 $c m $d a $e - $f eng $g enk $h 4 $i 0
999    $a 8 $b 33086002257491 $c 1 $e Status: on shelf $f 20200612 $g 8 $h Suppress: 0 $j 942.06 C593L2 $r TOT_CHECKOUT: 0

