01148nam a2200337I  4500
001 9952174763601401
005 20220810165010.0
008 791009s1957    enka          000 0 engm 
010    $a 57004191 /L
035    $a 115986
035    $a (Mills)ocm05505562 
035    $a (MillsTIND)145060
040    $a DLC $c BUF $d m.c. $d MIQ
049    $a MIQA
050 0  $a DA426 $b .A74
082    $a 942.064
092    $a 942.064 $b A826g
100 1  $a Ashley, Maurice, $d 1907-1994.
245 14 $a The greatness of Oliver Cromwell.
260    $a London, $b Hodder and Stoughton $c [1957]
300    $a 382 p. $b illus. $c 23 cm.
600 10 $a Cromwell, Oliver, $d 1599-1658.
907    $a .b11592060 $b 2007-06-13 $c 2001-05-17
909 CO $o oai:mills.tind.io:145060 $p GLOBAL_SET
910    $a rcp21
913    $a BIB
945    $b   -  -   $e   -  -   $f 0 $g 1 $i 33086002264307 $j 0 $l bknf  $o - $p $0.00 $q - $r - $s - $t 40 $u 0 $v 0 $w 0 $x 0 $y .i1212316x $z 05-17-01 $h 0 $2 0 $3 0 $k   -  -   $4   -  -  
947 00 $a LTI060707
979    $a Pbook
998    $a bk $b 2001-03-23 $c m $d a $e - $f eng $g enk $h 4 $i 0
999    $a 8 $b 33086002264307 $c 1 $e Status: on shelf $f 20200612 $g 8 $h Suppress: 0 $j 942.064 A826g $r TOT_CHECKOUT: 0

