01374cam a2200361I  4500
001 9952174767201401
005 20220810165015.0
008 750521s1936    enkh         s000 0 engm 
010    $a 37004518
035    $a 116384
035    $a (Mills)ocm01349916 
035    $a (MillsTIND)145899
040    $a DLC $c ORL $d SER $d OCL $d SER $d OCL $d ORL $d m.c. $d MIQ
049    $a MIQA
050 0  $a DA550 $b .Y6
082    $a 942.081
092    $a 942.081 $b Y72v
100 1  $a Young, G. M. $q (George Malcolm), $d 1882-1959.
245 10 $a Victorian England; $b portrait of an age, $c by G.M. Young ...
246 3  $a Portrait of an age
260    $a London, $b Oxford University Press, H. Milford, $c 1936.
300    $a 3 p. l., 213, [1] p. $b facsims. $c 23 cm.
500    $a Published in 1977 under title: Portrait of an age; Victorian England.
651  0 $a Great Britain $x History $y Victoria, 1837-1901.
907    $a .b11601449 $b 2007-06-13 $c 2001-05-17
909 CO $o oai:mills.tind.io:145899 $p GLOBAL_SET
910    $a rcp21
913    $a BIB
945    $b   -  -   $e   -  -   $f 0 $g 1 $i 33086001542679 $j 0 $l bknf  $o - $p $0.00 $q - $r - $s - $t 40 $u 0 $v 0 $w 0 $x 0 $y .i12133358 $z 05-17-01 $h 0 $2 0 $3 0 $k   -  -   $4   -  -  
947 00 $a LTI060707
979    $a Pbook
998    $a bk $b 2001-03-23 $c m $d a $e - $f eng $g enk $h 0 $i 0
999    $a 8 $b 33086001542679 $c 1 $e Status: on shelf $f 20200612 $g 8 $h Suppress: 0 $j 942.081 Y72v $r TOT_CHECKOUT: 0

