01385cam a2200385I  4500
001 9952174864301401
005 20220810165233.0
008 750707s1961    enk      b    000 0 engm 
010    $a 61066249 /L
035    $a 116246
035    $a (Mills)ocm01431479 
035    $a (MillsTIND)145595
040    $a DLC $c FDA $d m.c. $d SER $d MIQ
049    $a MIQA
050 0  $a DA448 $b .J6
082    $a 942.066
092    $a 942.066 $b J77f
100 1  $a Jones, J. R. $q (James Rees), $d 1925-
245 14 $a The first Whigs; $b the politics of the Exclusion Crisis, 1678-1683.
246 3  $a Exclusion Crisis
260    $a London, $a New York, $b Oxford University Press, $c 1961.
300    $a 224 p. $c 23 cm.
440  0 $a University of Durham publications
504    $a Bibliographical footnotes.
610 20 $a Whig Party (Great Britain)
651  0 $a Great Britain $x Politics and government $y 1660-1688.
907    $a .b11598207 $b 2007-06-13 $c 2001-05-17
909 CO $o oai:mills.tind.io:145595 $p GLOBAL_SET
910    $a rcp21
913    $a BIB
945    $b   -  -   $e   -  -   $f 0 $g 1 $i 33086002267011 $j 0 $l bknf  $o - $p $0.00 $q - $r - $s - $t 40 $u 0 $v 0 $w 0 $x 0 $y .i12129781 $z 05-17-01 $h 0 $2 0 $3 0 $k   -  -   $4   -  -  
947 00 $a LTI060707
979    $a Pbook
998    $a bk $b 2001-03-23 $c m $d a $e - $f eng $g enk $h 4 $i 0
999    $a 8 $b 33086002267011 $c 1 $e Status: on shelf $f 20200612 $g 8 $h Suppress: 0 $j 942.066 J77f $r TOT_CHECKOUT: 0

