01132nam a2200325I  4500
001 9952174894201401
005 20220810165243.0
008 760901s1959    enk           000 0 eng  
010    $a 60001412
035    $a 116357
035    $a (Mills)ocm02407939 
035    $a (MillsTIND)145836
040    $a DLC $c JNA $d MIQ
049    $a MIQA
050    $a DA550 $b .M27
092    $a 942.08 $b M138b
100 1  $a McDowell, R. B. $q (Robert Brendan), $d 1913-
245 10 $a British conservatism, 1832-1914.
260    $a London, $b Faber and Faber [1959]
300    $a 191 p. $c 23 cm.
651  0 $a Great Britain $x Politics and government $y 1837-1901.
907    $a .b11600779 $b 2007-06-13 $c 2001-05-17
909 CO $o oai:mills.tind.io:145836 $p GLOBAL_SET
910    $a rcp21
913    $a BIB
945    $b   -  -   $e   -  -   $f 0 $g 1 $i 33086002268167 $j 0 $l bknf  $o - $p $0.00 $q - $r - $s - $t 40 $u 0 $v 0 $w 0 $x 0 $y .i12132688 $z 05-17-01 $h 0 $2 0 $3 0 $k   -  -   $4   -  -  
947 00 $a LTI060707
979    $a Pbook
998    $a bk $b 2001-03-23 $c m $d a $e - $f eng $g enk $h 0 $i 0
999    $a 8 $b 33086002268167 $c 1 $e Status: on shelf $f 20200612 $g 8 $h Suppress: 0 $j 942.08 M138b $r TOT_CHECKOUT: 0

