01493cam a2200385I  4500
001 9952174902701401
005 20220810165241.0
008 750910s1939    nyuc          000 0 engm 
010    $a 39027581
035    $a 116414
035    $a (Mills)ocm01616372 
035    $a (MillsTIND)145960
040    $a DLC $c FBA $d OCL $d m.c. $d OCL $d IAY $d OCL $d WSU $d MIQ
043    $a e------ $a e-uk---
049    $a MIQA
050 0  $a DA585.C5 $b A38
082    $a 942.084
092    $a 942.084 $b C443i
100 1  $a Chamberlain, Neville, $d 1869-1940.
245 10 $a In search of peace, $c by the Rt. Hon. Neville Chamberlain, M.  P., prime minister of Great Britian.
260    $a New York, $b G. P. Putman's sons $c [c1939]
300    $a viii, 300 p. $b front. (port.) $c 24 cm.
500    $a "Speeches I have made on this subject since I have held my present office." --Foreword.
650  0 $a Peace.
651  0 $a Europe $x Politics and government $y 1918-1945.
651  0 $a Great Britain $x Foreign relations $y 1936-1945.
907    $a .b11602119 $b 2007-06-13 $c 2001-05-17
909 CO $o oai:mills.tind.io:145960 $p GLOBAL_SET
910    $a rcp21
913    $a BIB
945    $b   -  -   $e   -  -   $f 0 $g 1 $i 33086002268753 $j 0 $l bknf  $o - $p $0.00 $q - $r - $s - $t 40 $u 0 $v 0 $w 0 $x 0 $y .i12134089 $z 05-17-01 $h 0 $2 0 $3 0 $k   -  -   $4   -  -  
947 00 $a LTI060707
979    $a Pbook
998    $a bk $b 2001-03-23 $c m $d a $e - $f eng $g nyu $h 0 $i 0
999    $a 8 $b 33086002268753 $c 1 $e Status: on shelf $f 20200612 $g 8 $h Suppress: 0 $j 942.084 C443i $r TOT_CHECKOUT: 0

