01330cam a2200385I  4500
001 9952174906001401
005 20220810165244.0
008 731029s1961    nyu      b    000 0 engm 
010    $a 61066277
035    $a 116398
035    $a (Mills)ocm00729609 
035    $a (MillsTIND)145926
040    $a DLC $c WSU $d OCL $d SER $d MIQ
043    $a e-uk-en
049    $a MIQA
050 0  $a DA578 $b .K4 1961
082    $a 942.083
092    $a 942.083 $b K35w1
100 1  $a Kennedy, John F. $q (John Fitzgerald), $d 1917-1963.
245 10 $a Why England slept.
260    $a New York, $b W. Funk $c [1961]
300    $a xxviii, 252 p. $c 22 cm.
504    $a Bibliography: p. 247-252.
650  0 $a Disarmament.
651  0 $a Great Britain $x Politics and government $y 1910-1936.
651  0 $a Great Britain $x Politics and government $y 1936-1945.
907    $a .b11601760 $b 2007-06-13 $c 2001-05-17
909 CO $o oai:mills.tind.io:145926 $p GLOBAL_SET
910    $a rcp21
913    $a BIB
945    $b   -  -   $e   -  -   $f 0 $g 1 $i 33086002268597 $j 0 $l bknf  $o - $p $0.00 $q - $r - $s - $t 40 $u 0 $v 0 $w 0 $x 0 $y .i12133693 $z 05-17-01 $h 0 $2 0 $3 0 $k   -  -   $4   -  -  
947 00 $a LTI060707
979    $a Pbook
998    $a bk $b 2001-03-23 $c m $d a $e - $f eng $g nyu $h 0 $i 0
999    $a 8 $b 33086002268597 $c 1 $e Status: on shelf $f 20200612 $g 8 $h Suppress: 0 $j 942.083 K35w1 $r TOT_CHECKOUT: 0

