01418nam a22004091  4500
001 9952174907101401
005 20220810165241.0
008 700914r1968    mau      b    000 0 eng  
010    $a 68017276
020    $c 8.50
035    $a 116390
035    $a (Mills)ocm00400478 
035    $a (MillsTIND)145912
040    $a DLC $c DLC $d m.c. $d MIQ
043    $a e-uk---
049    $a MIQA
050 0  $a DA566.4 $b .M357 1968
082    $a 942.082
092    $a 942.082 $b M391b
100 1  $a Marwick, Arthur, $d 1936-2006.
245 10 $a Britain in the century of total war; $b war, peace, and social change, 1900-1967.
250    $a [1st American ed.]
260    $a Boston, $b Little, Brown $c [1968]
300    $a 511 p. $c 22 cm.
500    $a "An Atlantic Monthly Press book."
504    $a Bibliography: p. [462]-483.
650  0 $a History, Modern $y 20th century.
651  0 $a Great Britain $x Civilization $y 20th century.
907    $a .b11601589 $b 2007-06-13 $c 2001-05-17
909 CO $o oai:mills.tind.io:145912 $p GLOBAL_SET
910    $a rcp21
913    $a BIB
945    $b   -  -   $e   -  -   $f 0 $g 1 $i 33086000036301 $j 0 $l bknf  $o - $p $0.00 $q - $r - $s - $t 40 $u 0 $v 0 $w 0 $x 0 $y .i12133498 $z 05-17-01 $h 0 $2 0 $3 0 $k   -  -   $4   -  -  
947 00 $a LTI060707
979    $a Pbook
998    $a bk $b 2001-03-23 $c m $d a $e - $f eng $g mau $h 0 $i 0
999    $a 8 $b 33086000036301 $c 1 $e Status: on shelf $f 20200612 $g 8 $h Suppress: 0 $j 942.082 M391b $r TOT_CHECKOUT: 0

