01417nam a2200385I  4500
001 9952174908101401
005 20220810165246.0
008 751125c19491948nyu           000 0 eng  
010    $a 49007135 *
035    $a 116442
035    $a (Mills)ocm01852169 
035    $a (MillsTIND)146012
040    $a DLC $c FBA $d m.c. $d MIQ
049    $a MIQA
050 0  $a DA588 $b .W5 1949
082    $a 942.084
092    $a 942.084 $b W723s
100 1  $a Williams, Francis, $d 1903-1970.
245 10 $a Socialist Britain: its background, its present and an estimate of its future.
260    $a New York, $b Viking Press, $c 1949 [c1948]
300    $a 278 p. $c 22 cm.
500    $a London ed. has title: The triple challenge.
650  0 $a Socialism $z Great Britain.
651  0 $a Great Britain $x Politics and government $y 1945-
651  0 $a Great Britain $x Economic policy.
651  0 $a Great Britain $x Foreign relations $y 1936-1945.
907    $a .b11602661 $b 2007-06-13 $c 2001-05-17
909 CO $o oai:mills.tind.io:146012 $p GLOBAL_SET
910    $a rcp21
913    $a BIB
945    $b   -  -   $e   -  -   $f 0 $g 1 $i 33086002269033 $j 0 $l bknf  $o - $p $0.00 $q - $r - $s - $t 40 $u 0 $v 0 $w 0 $x 0 $y .i1213479x $z 05-17-01 $h 0 $2 0 $3 0 $k   -  -   $4   -  -  
947 00 $a LTI060707
979    $a Pbook
998    $a bk $b 2001-03-23 $c m $d a $e - $f eng $g nyu $h 0 $i 0
999    $a 8 $b 33086002269033 $c 1 $e Status: on shelf $f 20200612 $g 8 $h Suppress: 0 $j 942.084 W723s $r TOT_CHECKOUT: 0

