01208cam a2200349I  4500
001 9952174912001401
005 20220810165240.0
008 730327|1949||||xx            000 0 eng u
010    $a 49006871
035    $a 116419
035    $a (Mills)ocm00588742 
035    $a (MillsTIND)145967
040    $c KSU $d m.c. $d OCL $d MIQ
049    $a MIQA
050 0  $a DA588 $b .C68
092    $a 942.084 $b C875n
100 1  $a Cowles, Virginia.
245 10 $a No cause for alarm.
260    $a New York, $b Harper $c [1949]
300    $a x, 333 p. $c 22 cm.
651  0 $a Great Britain $x Politics and government $y 1945-
651  0 $a Great Britain $x Social conditions.
651  0 $a Great Britain $x Economic conditions $y 1945-1964.
907    $a .b11602193 $b 2007-06-13 $c 2001-05-17
909 CO $o oai:mills.tind.io:145967 $p GLOBAL_SET
910    $a rcp21
913    $a BIB
945    $b   -  -   $e   -  -   $f 0 $g 1 $i 33086002268803 $j 0 $l bknf  $o - $p $0.00 $q - $r - $s - $t 40 $u 0 $v 0 $w 0 $x 0 $y .i1213417x $z 05-17-01 $h 0 $2 0 $3 0 $k   -  -   $4   -  -  
947 00 $a LTI060707
979    $a Pbook
998    $a bk $b 2001-03-23 $c m $d a $e - $f eng $g xx  $h 0 $i 0
999    $a 8 $b 33086002268803 $c 1 $e Status: on shelf $f 20200612 $g 8 $h Suppress: 0 $j 942.084 C875n $r TOT_CHECKOUT: 0

