01373cam a2200373I  4500
001 9952175472101401
005 20220810165739.0
008 750123s1946    nyu      b    000 0 engm 
010    $a 46007061
035    $a 55888
035    $a (Mills)ocm01149663 
035    $a (MillsTIND)148672
040    $a DLC $c IAU $d SER $d m.c. $d MIQ
049    $a MIQA
050 0  $a BL48 $b .D8
082    $a 291
092    $a 201 $b D921r
100 1  $a Dunlap, Knight, $d 1875-1949.
245 10 $a Religion, its functions in human life; $b a study of religion from the point of view of psychology $c by Knight Dunlap ...
250    $a 1st ed.
260    $a New York, $a London, $b McGraw Hill Book Company, inc., $c 1946.
300    $a xi, 362 p. $c 23 cm.
440  0 $a McGraw-Hill publications in psychology
504    $a "Important references on religion and religions": p. 345-358.
650  0 $a Religion.
907    $a .b11630991 $b 2007-06-13 $c 2001-05-17
909 CO $o oai:mills.tind.io:148672 $p GLOBAL_SET
910    $a rcp16
913    $a BIB
945    $b   -  -   $e   -  -   $f 0 $g 1 $i 33086000665695 $j 0 $l bknf  $o - $p $0.00 $q - $r - $s - $t 40 $u 0 $v 0 $w 0 $x 0 $y .i12170380 $z 05-17-01 $h 0 $2 0 $3 0 $k   -  -   $4   -  -  
947 00 $a LTI060707
979    $a Pbook
998    $a bk $b 2001-03-23 $c m $d a $e - $f eng $g nyu $h 0 $i 0
999    $a 8 $b 33086000665695 $c 1 $e Status: on shelf $f 20200612 $g 8 $h Suppress: 0 $j 201 D921r $r TOT_CHECKOUT: 0

