01497cam a2200409I  4500
001 9952175472901401
005 20220810165733.0
008 740812s1950    nyu      b    000 0 eng  
010    $a 50012917
035    $a 56240
035    $a (Mills)ocm00976056 
035    $a (MillsTIND)149190
040    $a DLC $c OUN $d m.c. $d SER $d MIQ
049    $a MIQA
050 0  $a JC599.U5 $b L35
082    $a 323.4
092    $a 323.4 $b L348n
100 1  $a Lasswell, Harold D. $q (Harold Dwight), $d 1902-1978.
245 10 $a National security and individual freedom.
250    $a 1st ed.
260    $a New York, $b McGraw-Hill, $c 1950.
300    $a xiii, 259 p. $c 24 cm.
490 1  $a Committee for Economic Development. Research study
504    $a Bibliographical references included in "Notes" (p. 201-233)
650  0 $a Civil rights $z United States.
650  0 $a War and emergency powers $z United States.
651  0 $a United States $x Defenses.
830  0 $a Research study (Committee for Economic Development)
907    $a .b11636841 $b 2007-06-13 $c 2001-05-17
909 CO $o oai:mills.tind.io:149190 $p GLOBAL_SET
910    $a rcp14
913    $a BIB
945    $b   -  -   $e   -  -   $f 0 $g 1 $i 33086000669333 $j 0 $l bknf  $o - $p $0.00 $q - $r - $s - $t 40 $u 0 $v 0 $w 0 $x 0 $y .i12176813 $z 05-17-01 $h 0 $2 0 $3 0 $k   -  -   $4   -  -  
947 00 $a LTI060707
979    $a Pbook
998    $a bk $b 2001-03-23 $c m $d a $e - $f eng $g nyu $h 0 $i 0
999    $a 8 $b 33086000669333 $c 1 $e Status: on shelf $f 20200612 $g 8 $h Suppress: 0 $j 323.4 L348n $r TOT_CHECKOUT: 0

