01347cam a2200349I  4500
001 9952175488301401
005 20220810165747.0
008 751113s1923    nyuaf    b    000 0 eng  
010    $a 23014496
035    $a 56415
035    $a (Mills)ocm01830099 
035    $a (MillsTIND)149480
040    $a DLC $c JPL $d OCL $d WSU $d ORL $d MIQ
049    $a MIQA
050 0  $a BS551 $b .V3
092    $a 220 $b V261s
100 1  $a Van Loon, Hendrik Willem, $d 1882-1944.
245 14 $a The story of the Bible; $c written and drawn by Hendrik Willem Van Loon.
260    $a New York, $b Boni & Liveright $c [c1923]
300    $a xxv, 452 p. $b incl. col. front., illus. plates (part col.) $c 24 cm.
500    $a "A Biblical reading list for children, selected by Leonore St. John Power": p. 440-446.
650  0 $a Bible stories, English.
700 1  $a Power, Leonore St. John.
907    $a .b11639829 $b 2007-06-13 $c 2001-05-17
909 CO $o oai:mills.tind.io:149480 $p GLOBAL_SET
910    $a rcp16
913    $a BIB
945    $b   -  -   $e   -  -   $f 0 $g 1 $i 33086000671149 $j 0 $l bknf  $o - $p $0.00 $q - $r - $s - $t 40 $u 0 $v 0 $w 0 $x 0 $y .i12180579 $z 05-17-01 $h 0 $2 0 $3 0 $k   -  -   $4   -  -  
947 00 $a LTI060707
979    $a Pbook
998    $a bk $b 2001-03-23 $c m $d a $e - $f eng $g nyu $h 4 $i 0
999    $a 8 $b 33086000671149 $c 1 $e Status: on shelf $f 20200612 $g 8 $h Suppress: 0 $j 220 V261s $r TOT_CHECKOUT: 0

