01090cam a2200313I  4500
001 9952175497501401
005 20220810165749.0
008 720330|1948||||xx            000 0 eng u
010    $a 48007953
035    $a 56230
035    $a (Mills)ocm00273076 
035    $a (MillsTIND)149176
040    $c URB $d OCL $d MIQ
049    $a MIQA
092    $a 323.4 $b K14L
100 1  $a Kallen, Horace Meyer, $d 1882-1974.
245 14 $a The liberal spirit; $b essays on problems of freedom in the modern world.
260    $a Ithaca, $b Cornell Univ. Press, $c 1948.
300    $a vii, 242 p.
650  0 $a Liberty.
907    $a .b11636701 $b 2007-06-13 $c 2001-05-17
909 CO $o oai:mills.tind.io:149176 $p GLOBAL_SET
910    $a rcp14
913    $a BIB
945    $b   -  -   $e   -  -   $f 0 $g 1 $i 33086000669234 $j 0 $l bknf  $o - $p $0.00 $q - $r - $s - $t 40 $u 0 $v 0 $w 0 $x 0 $y .i12176679 $z 05-17-01 $h 0 $2 0 $3 0 $k   -  -   $4   -  -  
947 00 $a LTI060707
979    $a Pbook
998    $a bk $b 2001-03-23 $c m $d a $e - $f eng $g xx  $h 4 $i 0
999    $a 8 $b 33086000669234 $c 1 $e Status: on shelf $f 20200612 $g 8 $h Suppress: 0 $j 323.4 K14L $r TOT_CHECKOUT: 0

