02114cam a22004571  4500
001 9952175501501401
005 20220810165746.0
008 720601m19631970mauah    b    000 0 engm 
010    $a 63024435 //r864
035    $a 56375
035    $a (Mills)ocm00302301 
035    $a (MillsTIND)149423
040    $a DLC $c DLC $d m.c. $d MIQ
049    $a MIQA
050 0  $a BS445 $b .C26
082    $a 220/.09
092    $a 220 $b C178
245 04 $a The Cambridge history of the Bible.
260    $a Cambridge, $b University Press, 1963-70. [v. 1, 1970; v. $c 3, 1963]
300    $a 3 v. $b illus., facsims. $c 24 cm.
504    $a Includes bibliographies.
505 0  $a v. 1. From the beginnings to Jerome, edited by P. R.--[3] The West, from the Reformation to the present day, edited by S. L. Greenslade.
630 00 $a Bible $x History.
630 00 $a Bible $x Versions.
700 1  $a Ackroyd, Peter R.
700 1  $a Evans, Christopher Francis.
700 1  $a Lampe, G. W. H. $q (Geoffrey William Hugo), $d 1912-1980.
700 1  $a Greenslade, S. L. $q (Stanley Lawrence), $d 1905-
907    $a .b11639222 $b 2007-06-13 $c 2001-05-17
909 CO $o oai:mills.tind.io:149423 $p GLOBAL_SET
910    $a rcp16
913    $a BIB
945    $b   -  -   $c v. 1 $e   -  -   $f 0 $g 1 $i 33086000670711 $j 0 $l bknf  $o - $p $0.00 $q - $r - $s - $t 40 $u 0 $v 0 $w 0 $x 0 $y .i12179887 $z 05-17-01 $h 0 $2 0 $3 0 $k   -  -   $4   -  -  
945    $b   -  -   $c v. 2 $e   -  -   $f 0 $g 1 $i 33086001779057 $j 0 $l bknf  $o - $p $0.00 $q - $r - $s - $t 40 $u 0 $v 0 $w 0 $x 0 $y .i12179899 $z 05-17-01 $h 0 $2 0 $3 0 $k   -  -   $4   -  -  
945    $b   -  -   $c v. 3 $e   -  -   $f 0 $g 1 $i 33086001779065 $j 0 $l bknf  $o - $p $0.00 $q - $r - $s - $t 40 $u 0 $v 0 $w 0 $x 0 $y .i12179905 $z 05-17-01 $h 0 $2 0 $3 0 $k   -  -   $4   -  -  
947 00 $a LTI060707
979    $a Pbook
998    $a bk $b 2001-03-23 $c m $d a $e - $f eng $g mau $h 4 $i 0
999    $a 8 $b 33086001779065 $c 1 $d v. 3 $e Status: on shelf $f 20200612 $g 8 $h Suppress: 0 $j 220 C178 $r TOT_CHECKOUT: 0
999    $a 8 $b 33086000670711 $c 1 $d v. 1 $e Status: on shelf $f 20200612 $g 8 $h Suppress: 0 $j 220 C178 $r TOT_CHECKOUT: 0
999    $a 8 $b 33086001779057 $c 1 $d v. 2 $e Status: on shelf $f 20200612 $g 8 $h Suppress: 0 $j 220 C178 $r TOT_CHECKOUT: 0

