01487cam a2200385   4500
001 9952175506801401
005 20220810165754.0
008 701014s1970    nyuach   b    001 0 engm 
010    $a 74015923 //r852
020    $c 6.95
035    $a 56373
035    $a (Mills)ocm00095527 
035    $a (MillsTIND)149420
040    $a DLC $c DLC $d m.c. $d MIQ
049    $a MIQA
050 0  $a BS455 $b .B74 1970
082    $a 220.5/2/009
092    $a 220 $b B886e1
100 1  $a Bruce, F. F. $q (Frederick Fyvie), $d 1910-1990.
245 14 $a The English Bible; $b a history of translations from the earliest English versions to the New English Bible, $c by F. F. Bruce.
250    $a [New and rev. ed.]
260    $a New York, $b Oxford University Press, $c 1970.
300    $a xiv, 262 p. $b illus., facsims., ports. $c 23 cm.
500    $a Third ed. (1978) published under title: The history of the Bible in English.
504    $a Includes bibliographical references.
630 00 $a Bible. $l English $x Versions.
907    $a .b11639192 $b 2007-06-13 $c 2001-05-17
909 CO $o oai:mills.tind.io:149420 $p GLOBAL_SET
910    $a rcp16
913    $a BIB
945    $b   -  -   $e   -  -   $f 0 $g 1 $i 33086000670695 $j 0 $l bknf  $o - $p $0.00 $q - $r - $s - $t 40 $u 0 $v 0 $w 0 $x 0 $y .i12179851 $z 05-17-01 $h 0 $2 0 $3 0 $k   -  -   $4   -  -  
947 00 $a LTI060707
979    $a Pbook
998    $a bk $b 2001-03-23 $c m $d a $e - $f eng $g nyu $h 4 $i 0
999    $a 8 $b 33086000670695 $c 1 $e Status: on shelf $f 20200612 $g 8 $h Suppress: 0 $j 220 B886e1 $r TOT_CHECKOUT: 0

