01301cam a2200385I  4500
001 9952175526601401
005 20220810165800.0
008 750331s1947    nyu      b    000 0 eng u
010    $a 47001232
035    $a 56188
035    $a (Mills)ocm01244424 
035    $a (MillsTIND)149108
040    $c ZHM $d OCL $d MIQ
049    $a MIQA
050 0  $a JC571 $b .E9
082    $a 320
092    $a 323.4 $b E95i
100 1  $a Ewing, A. C. $q (Alfred Cyril), $d 1899-
245 14 $a The individual, the state and world government, $c by A.C.Ewing.
260    $a New York, $b The Macmillan Company, $c 1947.
300    $a viii p., 1 l., 322 p. $c 22 cm.
504    $a Bibliographical foot-notes.
650  0 $a State, The.
650  0 $a Civil rights.
650  0 $a Democracy.
650  0 $a International organization.
907    $a .b11636026 $b 2007-06-13 $c 2001-05-17
909 CO $o oai:mills.tind.io:149108 $p GLOBAL_SET
910    $a rcp14
913    $a BIB
945    $b   -  -   $e   -  -   $f 0 $g 1 $i 33086000668772 $j 0 $l bknf  $o - $p $0.00 $q - $r - $s - $t 40 $u 0 $v 0 $w 0 $x 0 $y .i12175936 $z 05-17-01 $h 0 $2 0 $3 0 $k   -  -   $4   -  -  
947 00 $a LTI060707
979    $a Pbook
998    $a bk $b 2001-03-23 $c m $d a $e - $f eng $g nyu $h 4 $i 0
999    $a 8 $b 33086000668772 $c 1 $e Status: on shelf $f 20200612 $g 8 $h Suppress: 0 $j 323.4 E95i $r TOT_CHECKOUT: 1

