01306cam a22003731  4500
001 9952175537901401
005 20220810165800.0
008 730313s1966    nyua     b    000 0 engm 
010    $a 65020240 //r85
035    $a 56217
035    $a (Mills)ocm00378506 
035    $a (MillsTIND)149154
040    $a DLC $c DLC $d m.c. $d MIQ
049    $a MIQA
050 0  $a BR162.2 $b .P38
082    $a 209
092    $a 209 $b P346c
100 1  $a Payne, Robert, $d 1911-1983.
245 14 $a The Christian centuries from Christ to Dante $c [by] Robert Payne.
250    $a [1st ed.]
260    $a New York, $b Norton $c [1966]
300    $a 438 p. $b illus. $c 24 cm.
504    $a Bibliography: p. 418-422.
650  0 $a Church history $y Primitive and early church, ca. 30-600.
650  0 $a Church history $y Middle Ages, 600-1500.
907    $a .b11636488 $b 2007-06-13 $c 2001-05-17
909 CO $o oai:mills.tind.io:149154 $p GLOBAL_SET
910    $a rcp16
913    $a BIB
945    $b   -  -   $e   -  -   $f 0 $g 1 $i 33086000669101 $j 0 $l bknf  $o - $p $0.00 $q - $r - $s - $t 40 $u 0 $v 0 $w 0 $x 0 $y .i12176448 $z 05-17-01 $h 0 $2 0 $3 0 $k   -  -   $4   -  -  
947 00 $a LTI060707
979    $a Pbook
998    $a bk $b 2001-03-23 $c m $d a $e - $f eng $g nyu $h 4 $i 0
999    $a 8 $b 33086000669101 $c 1 $e Status: on shelf $f 20200612 $g 8 $h Suppress: 0 $j 209 P346c $r TOT_CHECKOUT: 0

