01214cam a2200361I  4500
001 9952175577701401
005 20220810165808.0
008 740523s1956    nyu      b    000 0 eng  
010    $a 56014029
035    $a 56113
035    $a (Mills)ocm00894482 
035    $a (MillsTIND)148994
040    $a DLC $c TOL $d SER $d MIQ
049    $a MIQA
050 0  $a BL27 $b .B44
082    $a 208.2
092    $a 208 $b B433c
100 1  $a Bell, Hermon F. $q (Hermon Fiske), $d b. 1880.
245 10 $a Current problems in religion.
260    $a New York, $b Philosophical Library $c [1956]
300    $a viii, 648 p. $c 22 cm.
504    $a Includes bibliographical references.
650  0 $a Religion.
650  0 $a Religious literature.
907    $a .b11634765 $b 2007-06-13 $c 2001-05-17
909 CO $o oai:mills.tind.io:148994 $p GLOBAL_SET
910    $a rcp16
913    $a BIB
945    $b   -  -   $e   -  -   $f 0 $g 1 $i 33086000667972 $j 0 $l bknf  $o - $p $0.00 $q - $r - $s - $t 40 $u 0 $v 0 $w 0 $x 0 $y .i12174531 $z 05-17-01 $h 0 $2 0 $3 0 $k   -  -   $4   -  -  
947 00 $a LTI060707
979    $a Pbook
998    $a bk $b 2001-03-23 $c m $d a $e - $f eng $g nyu $h 0 $i 0
999    $a 8 $b 33086000667972 $c 1 $e Status: on shelf $f 20200612 $g 8 $h Suppress: 0 $j 208 B433c $r TOT_CHECKOUT: 0

