01242cam a2200349I  4500
001 9952175649301401
005 20220810165817.0
008 711130s1937    nyu           000 0 engm 
010    $a 37037824
035    $a 55905
035    $a (Mills)ocm00176244 
035    $a (MillsTIND)148697
040    $a DLC $c URB $d URB $d OCL $d m.c. $d OCL $d MIQ
049    $a MIQA $c 191781
050 0  $a BR100 $b .N55
082    $a 201
092    $a 201 $b N665b
100 1  $a Niebuhr, Reinhold, $d 1892-1971.
245 10 $a Beyond tragedy; $b essays on the Christian interpretation of history, $c by Reinhold Niebuhr.
260    $a New York, $b C. Scribner's Sons, $c 1937.
300    $a xi, 306 p. $c 21 cm.
650  0 $a Christianity $x Philosophy.
650  0 $a History $x Philosophy.
907    $a .b11631284 $b 2007-06-13 $c 2001-05-17
909 CO $o oai:mills.tind.io:148697 $p GLOBAL_SET
910    $a rcp16
913    $a BIB
945    $b   -  -   $e   -  -   $f 0 $g 1 $i 33086000665869 $j 0 $l bknf  $o - $p $0.00 $q - $r - $s - $t 40 $u 0 $v 0 $w 0 $x 0 $y .i12170756 $z 05-17-01 $h 0 $2 0 $3 0 $k   -  -   $4   -  -  
947 00 $a LTI060707
979    $a Pbook
998    $a bk $b 2001-03-23 $c m $d a $e - $f eng $g nyu $h 0 $i 0
999    $a 8 $b 33086000665869 $c 1 $e Status: on shelf $f 20200612 $g 8 $h Suppress: 0 $j 201 N665b $r TOT_CHECKOUT: 0

