01879cam a22004331  4500
001 9952175716301401
005 20220810165838.0
008 730522s1960    pau      b    000 0 engm 
010    $a 60005379 //r853
035    $a 56179
035    $a (Mills)ocm00391187 
035    $a (MillsTIND)149095
040    $a DLC $c DLC $d m.c. $d MIQ
041 1  $a englat
049    $a MIQA
050 0  $a BX9420 $b .I65 1960
082    $a 230.42
092    $a 208 $b L697t
100 1  $a Calvin, Jean, $d 1509-1564.
240 10 $a Institutio Christianae religionis. $l English
245 10 $a Institutes of the Christian religion. $c Edited by John T. McNeill. Translated by Ford Lewis Battles, in collaboration with the editor and a committee of advisers.
260    $a Philadelphia, $b Westminster Press $c [c1960]
300    $a 2 v. (lxxi, 1734 p.) $c 24 cm.
490 1  $a The Library of Christian classics, $v v. 20-21
504    $a Bibliographies: v. 2, p. 1527-1551.
650  0 $a Reformed Church $x Doctrines.
650  0 $a Theology, Doctrinal.
830  0 $a Library of Christian classics (Philadelphia, Pa.) ; $v v. 20-21.
907    $a .b11635897 $b 2007-06-13 $c 2001-05-17
909 CO $o oai:mills.tind.io:149095 $p GLOBAL_SET
910    $a rcp16
913    $a BIB
945    $b   -  -   $c v. 1 $e   -  -   $f 0 $g 1 $i 33086000668681 $j 0 $l bknf  $o - $p $0.00 $q - $r - $s - $t 40 $u 0 $v 0 $w 0 $x 0 $y .i12175778 $z 05-17-01 $h 0 $2 0 $3 0 $k   -  -   $4   -  -  
945    $b   -  -   $c v. 2 $e   -  -   $f 0 $g 1 $i 33086001779602 $j 0 $l bknf  $o - $p $0.00 $q - $r - $s - $t 40 $u 0 $v 0 $w 0 $x 0 $y .i1217578x $z 05-17-01 $h 0 $2 0 $3 0 $k   -  -   $4   -  -  
947 00 $a LTI060707
979    $a Pbook
998    $a bk $b 2001-03-23 $c m $d a $e - $f eng $g pau $h 0 $i 0
999    $a 8 $b 33086001779602 $c 1 $d v. 2 $e Status: on shelf $f 20200612 $g 8 $h Suppress: 0 $j 208 L697t $r TOT_CHECKOUT: 0
999    $a 8 $b 33086000668681 $c 1 $d v. 1 $e Status: on shelf $f 20200612 $g 8 $h Suppress: 0 $j 208 L697t $r TOT_CHECKOUT: 0

