01610cam a2200409   4500
001 9952175717301401
005 20220810165842.0
008 690722s1969    pau      b    001 0 eng  
010    $a 69012309 //r84
020    $a 0664220193 $c 7.50
035    $a 56177
035    $a (Mills)ocm00011835 
035    $a (MillsTIND)149092
040    $a DLC $c DLC $d m.c. $d MIQ
049    $a MIQA
050 0  $a BR336 $b .L62 1969
082    $a 230.4/1
092    $a 208 $b L697s
100 1  $a Pauck, Wilhelm, $d 1901-
245 10 $a Melanchthon and Bucer.
260    $a Philadelphia, $b Westminster Press $c [1969]
300    $a xx, 406 p. $c 24 cm.
490 1  $a The Library of Christian classics, $v v. 19
505 0  $a Loci communes theologici, by P. Melanchthon.--De regno Christi, by M. Bucer.--Selected bibliography (p. 395-399)
650  0 $a Theology $x History $y 16th century.
700 12 $a Melanchthon, Philipp, $d 1497-1560. $t Loci communes rerum theologicarum. $l English. $f 1969.
700 12 $a Bucer, Martin, $d 1491-1551. $t De regno Christi. $l English. $f 1969.
830  0 $a Library of Christian classics (Philadelphia, Pa.) ; $v v. 19.
907    $a .b11635861 $b 2007-06-13 $c 2001-05-17
909 CO $o oai:mills.tind.io:149092 $p GLOBAL_SET
910    $a rcp16
913    $a BIB
945    $b   -  -   $e   -  -   $f 0 $g 1 $i 33086000668640 $j 0 $l bknf  $o - $p $0.00 $q - $r - $s - $t 40 $u 0 $v 0 $w 0 $x 0 $y .i12175729 $z 05-17-01 $h 0 $2 0 $3 0 $k   -  -   $4   -  -  
947 00 $a LTI060707
979    $a Pbook
998    $a bk $b 2001-03-23 $c m $d a $e - $f eng $g pau $h 0 $i 0
999    $a 8 $b 33086000668640 $c 1 $e Status: on shelf $f 20200612 $g 8 $h Suppress: 0 $j 208 L697s $r TOT_CHECKOUT: 0

