01361cam a2200385   4500
001 9952175721801401
005 20220810165843.0
008 700821s1953    pau      b    001 0 engm 
010    $a 53013092 //r85
035    $a 56171
035    $a (Mills)ocm00378653 
035    $a (MillsTIND)149080
040    $a DLC $c DLC $d m.c. $d MIQ
049    $a MIQA
050 0  $a BR301 $b .S65
082    $a 270.5
092    $a 208 $b L697n
100 1  $a Spinka, Matthew, $d 1890-1972.
245 10 $a Advocates of reform, from Wyclif to Erasmus.
260    $a Philadelphia, $b Westminster Press $c [1953]
300    $a 399 p. $c 24 cm.
490 1  $a The Library of Christian classics ; $v v. 14
504    $a Bibliography: p. 380-382.
650  0 $a Reformation $v Sources.
650  0 $a Reformation $x Early movements.
830  0 $a Library of Christian classics (Philadelphia, Pa.) ; $v v. 14.
907    $a .b11635745 $b 2007-06-13 $c 2001-05-17
909 CO $o oai:mills.tind.io:149080 $p GLOBAL_SET
910    $a rcp16
913    $a BIB
945    $b   -  -   $e   -  -   $f 0 $g 1 $i 33086000668582 $j 0 $l bknf  $o - $p $0.00 $q - $r - $s - $t 40 $u 0 $v 0 $w 0 $x 0 $y .i12175602 $z 05-17-01 $h 0 $2 0 $3 0 $k   -  -   $4   -  -  
947 00 $a LTI060707
979    $a Pbook
998    $a bk $b 2001-03-23 $c m $d a $e - $f eng $g pau $h 0 $i 0
999    $a 8 $b 33086000668582 $c 1 $e Status: on shelf $f 20200612 $g 8 $h Suppress: 0 $j 208 L697n $r TOT_CHECKOUT: 0

