01346nam a2200397 i 4500
001 9952175747401401
005 20220810165838.0
008 760423s1973    ilu      b    001 0 eng  
010    $a 73082911
020    $a 0226109607
035    $a 56212
035    $a (Mills)ocm00785932 
035    $a (MillsTIND)149144
040    $a DLC $c DLC $d m.c. $d MIQ
043    $a n-us---
049    $a MIQA
050 0  $a BR515 $b .C53
082    $a 209/.73
092    $a 209 $b C623a
100 1  $a Clebsch, William A.
245 10 $a American religious thought : $b a history / $c William A. Clebsch.
260    $a Chicago : $b University of Chicago Press, $c 1973.
300    $a xxi, 212 p. ; $c 22 cm.
440  0 $a Chicago history of American religion
500    $a Includes index.
504    $a Bibliography: p. 197-205.
650  0 $a Religious thought $z United States.
907    $a .b11636385 $b 2007-06-13 $c 2001-05-17
909 CO $o oai:mills.tind.io:149144 $p GLOBAL_SET
910    $a rcp16
913    $a BIB
945    $b   -  -   $e   -  -   $f 0 $g 1 $i 33086000669036 $j 0 $l bknf  $o - $p $0.00 $q - $r - $s - $t 40 $u 0 $v 0 $w 0 $x 0 $y .i1217631x $z 05-17-01 $h 0 $2 0 $3 0 $k   -  -   $4   -  -  
947 00 $a LTI060707
979    $a Pbook
998    $a bk $b 2001-03-23 $c m $d a $e - $f eng $g ilu $h 0 $i 0
999    $a 8 $b 33086000669036 $c 1 $e Status: on shelf $f 20200612 $g 8 $h Suppress: 0 $j 209 C623a $r TOT_CHECKOUT: 0

