01324nam a22003851  4500
001 9952175769101401
005 20220810165837.0
008 730220s1958    nju           000 0 eng  
010    $a 58008608 /L/r81
035    $a 58736
035    $a (Mills)ocm00544294 
035    $a (MillsTIND)153249
040    $a DLC $c DLC $d m.c. $d MIQ
043    $a e------
049    $a MIQA
050 0  $a HT115 $b .M8
082    $a 323.352
092    $a 323.352 $b M965m
100 1  $a Mundy, John Hine, $d 1917-
245 14 $a The medieval town $c [by] John H. Mundy and Peter Riesenberg.
260    $a Princeton, N.J., $b Van Nostrand $c [1958]
300    $a 192 p. $c 19 cm.
490 1  $a An Anvil original, no. 30
650  0 $a Cities and towns, Medieval $z Europe.
700 1  $a Riesenberg, Peter N., $d 1925-
830  0 $a Anvil original ; $v no. 30.
907    $a .b11679311 $b 2007-06-13 $c 2001-05-17
909 CO $o oai:mills.tind.io:153249 $p GLOBAL_SET
910    $a rcp12
913    $a BIB
945    $b   -  -   $e   -  -   $f 0 $g 1 $i 33086000695726 $j 0 $l bknf  $o - $p $0.00 $q - $r - $s - $t 40 $u 0 $v 0 $w 0 $x 0 $y .i1222862x $z 05-17-01 $h 0 $2 0 $3 0 $k   -  -   $4   -  -  
947 00 $a LTI060707
979    $a Pbook
998    $a bk $b 2001-03-23 $c m $d a $e - $f eng $g nju $h 4 $i 0
999    $a 8 $b 33086000695726 $c 1 $e Status: on shelf $f 20200612 $g 8 $h Suppress: 0 $j 323.352 M965m $r TOT_CHECKOUT: 0

