01308cam a2200373I  4500
001 9952176015401401
005 20220810170341.0
008 720128s1948    iluabc   b    000 0 eng  
010    $a 48008023
035    $a 59263
035    $a (Mills)ocm00230425 
035    $a (MillsTIND)154186
040    $a DLC $c WSU $d SER $d MIQ
049    $a MIQA
050 0  $a HD325 $b .W45
082    $a 323.354
092    $a 323.354 $b W568r
100 1  $a Whetten, Nathan L. $q (Nathan Laselle), $d 1900-1984.
245 10 $a Rural Mexico; $c with a foreword by Manuel Gamio.
260    $a Chicago, $b Univ. of Chicago Press $c [1948]
300    $a xxv, 671 p. $b illus., ports., maps. $c 25 cm.
504    $a Bibliography: p. [623]-644.
650  0 $a Peasants $z Mexico.
650  0 $a Land tenure $z Mexico.
650  0 $a Country life $z Mexico.
907    $a .b11689080 $b 2011-10-27 $c 2001-05-17
909 CO $o oai:mills.tind.io:154186 $p GLOBAL_SET
910    $a rcp12
913    $a BIB
945    $b   -  -   $e   -  -   $f 0 $g 1 $i 33086000701177 $j 0 $l bknf  $o - $p $0.00 $q - $r - $s - $t 40 $u 0 $v 0 $w 0 $x 0 $y .i12240060 $z 05-17-01 $h 0 $2 0 $3 0 $k   -  -   $4   -  -  
947 00 $a LTI060707
979    $a Pbook
998    $a bk $b 2001-03-23 $c m $d a $e - $f eng $g ilu $h 0 $i 0
999    $a 8 $b 33086000701177 $c 1 $e Status: on shelf $f 20200612 $g 8 $h Suppress: 0 $j 323.354 W568r $r TOT_CHECKOUT: 0

