01200nam a2200337I  4500
001 9952176015701401
005 20220810170343.0
008 720307|1955||||xx            000 0 eng u
010    $a 55010978
035    $a 59261
035    $a (Mills)ocm00256964 
035    $a (MillsTIND)154183
040    $c WSU $d m.c. $d MIQ
049    $a MIQA
092    $a 323.354 $b V886m
100 1  $a Vogt, Evon Zartman, $d 1918-
245 10 $a Modern homesteaders.
260    $b Belknap Press of Harvard University Press, $c 1955.
300    $a 232 p.
504    $a Bibliographical references included in "Notes" (p.[209]-225)
650  0 $a Agriculture $z New Mexico.
651  0 $a New Mexico $x Rural conditions $v Case studies.
907    $a .b11689043 $b 2007-06-13 $c 2001-05-17
909 CO $o oai:mills.tind.io:154183 $p GLOBAL_SET
910    $a rcp12
913    $a BIB
945    $b   -  -   $e   -  -   $f 0 $g 1 $i 33086000701151 $j 0 $l bknf  $o - $p $0.00 $q - $r - $s - $t 40 $u 0 $v 0 $w 0 $x 0 $y .i12240023 $z 05-17-01 $h 0 $2 0 $3 0 $k   -  -   $4   -  -  
947 00 $a LTI060707
979    $a Pbook
998    $a bk $b 2001-03-23 $c m $d a $e - $f eng $g xx  $h 0 $i 0
999    $a 8 $b 33086000701151 $c 1 $e Status: on shelf $f 20200612 $g 8 $h Suppress: 0 $j 323.354 V886m $r TOT_CHECKOUT: 0

