01248nam a2200337I  4500
001 9952176110301401
005 20220810170418.0
008 750804|1954||||xx            000 0 eng u
035    $a 59243
035    $a (Mills)ocm01506572 
035    $a (MillsTIND)154152
040    $c TOL $d MIQ
049    $a MIQA
092    $a 323.354 $b O29s
100 1  $a Oeser, O. A. $q (Oscar Adolf), $d 1904-
245 10 $a Social structure and personality in a rural community, $c by O. A. Oeser and F. E. Emery.
260    $a New York, $b Macmillan, $c 1954.
300    $a xiii, 279 p. $c 23 cm.
440  0 $a Studies of social behaviour ; $v v. 2
651  0 $a Mallee (Vic.)
651  0 $a Australia $x Rural conditions $v Case studies.
700 1  $a Emery, F. E. $q (Frederick Edmund)
907    $a .b11688737 $b 2007-06-13 $c 2001-05-17
909 CO $o oai:mills.tind.io:154152 $p GLOBAL_SET
910    $a rcp12
913    $a BIB
945    $b   -  -   $e   -  -   $f 0 $g 1 $i 33086000700955 $j 0 $l bknf  $o - $p $0.00 $q - $r - $s - $t 40 $u 0 $v 0 $w 0 $x 0 $y .i12239665 $z 05-17-01 $h 0 $2 0 $3 0 $k   -  -   $4   -  -  
947 00 $a LTI060707
979    $a Pbook
998    $a bk $b 2001-03-23 $c m $d a $e - $f eng $g xx  $h 0 $i 0
999    $a 8 $b 33086000700955 $c 1 $e Status: on shelf $f 20200612 $g 8 $h Suppress: 0 $j 323.354 O29s $r TOT_CHECKOUT: 0

