01582cam a2200385I  4500
001 9952176113801401
005 20220810170426.0
008 740422s1956    nyu      b    000 0 eng  
010    $a 56013957
035    $a 59312
035    $a (Mills)ocm00863693 
035    $a (MillsTIND)154254
040    $a DLC $c VTU $d SER $d m.c. $d OCL $d MIQ
049    $a MIQA $c 1-2
050 0  $a JC599.U5 $b C82
082    $a 323.4
092    $a 323.4 $b C986c
100 1  $a Cushman, Robert Eugene, $d 1889-1969.
245 10 $a Civil liberties in the United States; $b a guide to current problems and experience.
260    $a Ithaca, N.Y., $b Cornell University Press $c [1956]
300    $a xiii, 248 p. $c 23 cm.
440  0 $a Cornell studies in civil liberty
504    $a Includes bibliographies.
650  0 $a Civil rights $z United States.
907    $a .b1168981x $b 2007-06-13 $c 2001-05-17
909 CO $o oai:mills.tind.io:154254 $p GLOBAL_SET
910    $a rcp12
913    $a BIB
945    $b   -  -   $e   -  -   $f 0 $g 1 $i 33086000701698 $j 0 $l bknf  $o - $p $0.00 $q - $r - $s - $t 40 $u 0 $v 0 $w 0 $x 0 $y .i12240898 $z 05-17-01 $h 0 $2 0 $3 0 $k   -  -   $4   -  -  
945    $b   -  -   $e   -  -   $f 0 $g 2 $i 33086000701706 $j 0 $l bknf  $o - $p $0.00 $q - $r - $s - $t 40 $u 0 $v 0 $w 0 $x 0 $y .i12240904 $z 05-17-01 $h 0 $2 0 $3 0 $k   -  -   $4   -  -  
947 00 $a LTI060707
979    $a Pbook
998    $a bk $b 2001-03-23 $c m $d a $e - $f eng $g nyu $h 0 $i 0
999    $a 8 $b 33086000701706 $c 2 $d [copy 2] $e Status: on shelf $f 20200612 $g 8 $h Suppress: 0 $j 323.4 C986c $r TOT_CHECKOUT: 0
999    $a 8 $b 33086000701698 $c 1 $e Status: on shelf $f 20200612 $g 8 $h Suppress: 0 $j 323.4 C986c $r TOT_CHECKOUT: 0

