01372cam a2200385I  4500
001 9952176115101401
005 20220810170427.0
008 720814s1940    nyua          000 0 engm 
010    $a 40035310
035    $a 59227
035    $a (Mills)ocm00381642 
035    $a (MillsTIND)154131
040    $a DLC $c HEI $d m.c. $d SER $d MIQ
049    $a MIQA
050 0  $a HT431 $b .A595
082    $a 323.3540973
092    $a 323.354 $b A549h
100 1  $a Anderson, Sherwood, $d 1876-1941.
245 10 $a Home town, $c by Sherwood Anderson; photographs by Farm Security Photographers.
260    $a New York, $b Alliance Book Corporation $c [c1940]
300    $a 2 p. l., 3-145, [2] p. $b illus. $c 26 cm.
490 1  $a The face of America
650  0 $a Cities and towns $z United States.
650  0 $a Villages $z United States.
650  0 $a Sociology, Rural.
830  0 $a Face of America.
907    $a .b11688452 $b 2007-06-13 $c 2001-05-17
909 CO $o oai:mills.tind.io:154131 $p GLOBAL_SET
910    $a rcp12
913    $a BIB
945    $b   -  -   $e   -  -   $f 0 $g 1 $i 33086000700799 $j 0 $l bknf  $o - $p $0.00 $q - $r - $s - $t 40 $u 0 $v 0 $w 0 $x 0 $y .i12239252 $z 05-17-01 $h 0 $2 0 $3 0 $k   -  -   $4   -  -  
947 00 $a LTI060707
979    $a Pbook
998    $a bk $b 2001-03-23 $c m $d a $e - $f eng $g nyu $h 0 $i 0
999    $a 8 $b 33086000700799 $c 1 $e Status: on shelf $f 20200612 $g 8 $h Suppress: 0 $j 323.354 A549h $r TOT_CHECKOUT: 0

