01628nam a2200385Ia 4500
001 9952176141301401
005 20220810170440.0
008 841017s1961    nyu      b    100 0 eng  
010    $a 62002612
035    $a 59195
035    $a (Mills)ocm11277145 
035    $a (MillsTIND)154086
040    $a DLC $c FXG $d m/c $d MIQ
049    $a MIQA
050 0  $a HT129.A2 $b S4 1959
082    $a 301.36098
092    $a 323.352 $b U575u
111 2  $a Seminar on Urbanization Problems in Latin America $d (1959 : $c Santiago, Chile)
245 10 $a Urbanization in Latin America; $b proceedings. $c Edited by Philip M. Hauser.
260    $a New York, $b International Documents Service, $c 1961.
300    $a 331 p. $c 21 cm.
440  0 $a Technology and society series
500    $a "Jointly sponsored by the Bureau of Social Affairs of the United Nations, the Economic Commission for Latin America, and Unesco in co-operation with the International Labour Organisation and the Organization of American States."
504    $a Bibliographical footnotes.
650  0 $a Urbanization $z Latin America.
700 1  $a Hauser, Philip Morris, $d 1909-1994.
907    $a .b11687952 $b 2007-06-13 $c 2001-05-17
909 CO $o oai:mills.tind.io:154086 $p GLOBAL_SET
910    $a rcp12
913    $a BIB
945    $b   -  -   $e   -  -   $f 0 $g 1 $i 33086000700476 $j 0 $l bknf  $o - $p $0.00 $q - $r - $s - $t 40 $u 0 $v 0 $w 0 $x 0 $y .i12238739 $z 05-17-01 $h 0 $2 0 $3 0 $k   -  -   $4   -  -  
947 00 $a LTI060707
979    $a Pbook
998    $a bk $b 2001-03-23 $c m $d a $e - $f eng $g nyu $h 0 $i 0
999    $a 8 $b 33086000700476 $c 1 $e Status: on shelf $f 20200612 $g 8 $h Suppress: 0 $j 323.352 U575u $r TOT_CHECKOUT: 0

