01406cam a2200385 i 4500
001 9952160792901401
005 20220810155740.0
008 790511s1978    mau      b    001 0 eng  
010    $a 78005362
020    $a 0674175255
035    $a 638
035    $a (Mills)RLINCMCG10698604-B
035    $a (MillsTIND)1502
043    $a e-uk---
050 0  $a DA435 $b .J66
082    $a 942.06
092    $a 942.06 $b J772c 1978
100 1  $a Jones, J. R. $q (James Rees), $d 1925-
245 10 $a Country and court : $b England, 1658-1714 / $c J. R. Jones.
260    $a Cambridge, Mass. : $b Harvard University Press, $c 1978.
300    $a 377 p. ; $c 24 cm.
490 1  $a The New history of England
500    $a Includes index.
504    $a Bibliography: p. [361]-370.
651  0 $a Great Britain $x History $y Commonwealth and Protectorate, 1649-1660.
651  0 $a Great Britain $x History $y 1660-1714.
830  0 $a New history of England.
907    $a .b10017574 $b 2014-09-30 $c 2001-05-15
909 CO $o oai:mills.tind.io:1502 $p GLOBAL_SET
913    $a BIB
945    $b   -  -   $e   -  -   $f 0 $g 1 $i 33086000106385 $j 0 $l bknf  $o - $p $0.00 $q - $r - $s - $t 40 $u 0 $v 0 $w 0 $x 0 $y .i10019777 $z 05-15-01 $h 0 $2 0 $3 0 $k   -  -   $4   -  -  
947 00 $a LTI060707
979    $a Pbook
998    $a bk $b 2001-03-23 $c m $d a $e - $f eng $g mau $h 0 $i 0
999    $a 8 $b 33086000106385 $c 1 $e Status: on shelf $f 20200612 $g 8 $h Suppress: 0 $j 942.06 J772c 1978 $r TOT_CHECKOUT: 0

