01287cam a22003858i 4500
001 9952160806501401
005 20220810155734.0
008 790619s1978    nyu           001 0 eng  
010    $a 76005524
020    $a 0060133422 : $c $9.95
035    $a 967
035    $a (Mills)RLINCMCG11094338-B
035    $a (MillsTIND)2312
040    $d CSt $d COMC
043    $a n-us---
050 0  $a P305 $b .P4
082    $a 422
092    $a 422 $b P377w
100 1  $a Pei, Mario, $d 1901-1978.
245 10 $a Weasel words : $b the art of saying what you don't mean / $c by Mario Pei.
260    $a New York : $b Harper & Row, $c c1978.
300    $a 208 p. ; $c 22 cm.
500    $a Includes index.
650  0 $a Vocabulary.
650  0 $a Semantics.
650  0 $a Mass media $z United States.
650  0 $a Advertising $z United States.
907    $a .b10026629 $b 2014-09-30 $c 2001-05-15
909 CO $o oai:mills.tind.io:2312 $p GLOBAL_SET
913    $a BIB
945    $b   -  -   $e   -  -   $f 0 $g 1 $i 33086000109678 $j 0 $l bknf  $o - $p $0.00 $q - $r - $s - $t 40 $u 0 $v 0 $w 0 $x 0 $y .i10030967 $z 05-15-01 $h 0 $2 0 $3 0 $k   -  -   $4   -  -  
947 00 $a LTI060707
979    $a Pbook
998    $a bk $b 2001-03-23 $c m $d a $e - $f eng $g nyu $h 0 $i 0
999    $a 8 $b 33086000109678 $c 1 $e Status: on shelf $f 20200612 $g 8 $h Suppress: 0 $j 422 P377w $r TOT_CHECKOUT: 0

