01225cam a2200361 i 4500
001 9952161788301401
005 20220810162039.0
008 800213c19761953ilu           001 0 eng  
010    $a 53010041
020    $a 0226318621
035    $a 2815
035    $a (Mills)RLINCMCG14088410-B
035    $a (MillsTIND)6979
040    $d COMC
041 1  $a mul
050 0  $a BD573 $b .H3
082    $a 201
092    $a 201 $b H335p
100 1  $a Hartshorne, Charles, $d 1897-2000.
245 10 $a Philosophers speak of God / $c by Charles Hartshorne and William L. Reese.
260    $a Chicago : $b University of Chicago Press, $c 1953, 1976 printing.
300    $a 535 p. ; $c 23 cm.
500    $a "Midway reprint."
650  0 $a God.
700 1  $a Reese, William L.
907    $a .b10079063 $b 2007-06-12 $c 2001-05-15
909 CO $o oai:mills.tind.io:6979 $p GLOBAL_SET
913    $a BIB
945    $b   -  -   $e   -  -   $f 0 $g 1 $i 33086000128157 $j 0 $l bknf  $o - $p $0.00 $q - $r - $s - $t 40 $u 0 $v 0 $w 0 $x 0 $y .i10090708 $z 05-15-01 $h 0 $2 0 $3 0 $k   -  -   $4   -  -  
947 00 $a LTI060707
979    $a Pbook
998    $a bk $b 2001-03-23 $c m $d a $e - $f eng $g ilu $h 0 $i 0
999    $a 8 $b 33086000128157 $c 1 $e Status: on shelf $f 20200612 $g 8 $h Suppress: 0 $j 201 H335p $r TOT_CHECKOUT: 0

