01258cam a2200349 i 4500
001 9952162037201401
005 20220810162137.0
008 800317s1979    nyu      b    000 0 eng  
010    $a 79087938
020    $a 0452005116 : $c $6.95 ($7.95 Can)
035    $a 3084
035    $a (Mills)RLINCMCG14625989-B
035    $a (MillsTIND)7842
050 0  $a JC571 $b .H7698
082    $a 323.4/09
092    $a 323.4 $b H9183
245 04 $a The Human rights reader / $c edited by Walter Laqueur and Barry Rubin.
260    $a New York : $b New American Library, $c [1979]
300    $a viii, 375 p. ; $c 21 cm.
500    $a "A Meridian book."
504    $a Bibliography: p. 330-375.
650  0 $a Civil rights $x History $v Sources.
700 1  $a Laqueur, Walter, $d 1921-
700 1  $a Rubin, Barry M.
907    $a .b10088581 $b 2007-10-29 $c 2001-05-15
909 CO $o oai:mills.tind.io:7842 $p GLOBAL_SET
913    $a BIB
945    $b   -  -   $e   -  -   $f 0 $g 1 $i 33086000130849 $j 0 $l bknf  $o - $p $0.00 $q - $r - $s - $t 40 $u 0 $v 0 $w 0 $x 0 $y .i10101354 $z 05-15-01 $h 0 $2 0 $3 0 $k   -  -   $4   -  -  
947 00 $a LTI060707
979    $a Pbook
998    $a bk $b 2001-03-23 $c m $d a $e - $f eng $g nyu $h 4 $i 0
999    $a 8 $b 33086000130849 $c 1 $e Status: on shelf $f 20200612 $g 8 $h Suppress: 0 $j 323.4 H9183 $r TOT_CHECKOUT: 0

