01331cam a2200361 i 4500
001 9952162601001401
005 20220810163650.0
008 801224|||||||||mdu           ||| | eng  
010    $a 74024378
020    $a 0801816181
035    $a 5701
035    $a (Mills)RLINCMCG20663552-B
035    $a (MillsTIND)15701
040    $d COMC
050    $a BR845.G36
082    $a 209/.44
092    $a 209 $b G239r
100 1  $a Garrett, Clarke, $d 1935-
245 10 $a Respectable folly : $b millenarians and the French Revolution in France and England / $c Clarke Garrett.
260    $a Baltimore : Johns Hopkins University Press, $c [1975]
300    $a x, 237 p. ; $c 23 cm.
504    $a Includes bibliographical references and index.
650  0 $a Millennialism $z France.
650  0 $a Millennialism $z England.
651  0 $a France $x History $y Revolution, 1789-1799.
907    $a .b10176536 $b 2007-10-29 $c 2001-05-15
909 CO $o oai:mills.tind.io:15701 $p GLOBAL_SET
913    $a BIB
945    $b   -  -   $e   -  -   $f 0 $g 1 $i 33086000157016 $j 0 $l bknf  $o - $p $0.00 $q - $r - $s - $t 40 $u 0 $v 0 $w 0 $x 0 $y .i10202250 $z 05-15-01 $h 0 $2 0 $3 0 $k   -  -   $4   -  -  
947 00 $a LTI060707
979    $a Pbook
998    $a bk $b 2001-03-23 $c m $d a $e - $f eng $g mdu $h 0 $i 0
999    $a 8 $b 33086000157016 $c 1 $e Status: on shelf $f 20200612 $g 8 $h Suppress: 0 $j 209 G239r $r TOT_CHECKOUT: 0

