01297cam a2200361 i 4500
001 9952162639701401
005 20220810163655.0
008 801208s1979    enk      b    001 0 eng  
010    $a 78040941
015    $a GB79
020    $a 0192159518 : $c L.5.75 ($15.95)
035    $a 5565
035    $a (Mills)RLINCMCG20275676-B
035    $a (MillsTIND)15275
050 0  $a P85.C47 $b S26
082    $a 410/.92/4
092    $a 410.92 $b C548sa 1979
100 1  $a Sampson, Geoffrey.
245 10 $a Liberty and language / $c Geoffrey Sampson.
260    $a Oxford ; $a New York : $b Oxford University Press, $c 1979.
300    $a viii, 251 p. : $c 23 cm.
504    $a Includes bibliographical references and index.
600 10 $a Chomsky, Noam.
650  0 $a Language and languages $x Political aspects.
650  0 $a Liberalism.
907    $a .b10171782 $b 2007-06-12 $c 2001-05-15
909 CO $o oai:mills.tind.io:15275 $p GLOBAL_SET
913    $a BIB
945    $b   -  -   $e   -  -   $f 0 $g 1 $i 33086000155655 $j 0 $l bknf  $o - $p $0.00 $q - $r - $s - $t 40 $u 0 $v 0 $w 0 $x 0 $y .i1019650x $z 05-15-01 $h 0 $2 0 $3 0 $k   -  -   $4   -  -  
947 00 $a LTI060707
979    $a Pbook
998    $a bk $b 2001-03-23 $c m $d a $e - $f eng $g enk $h 0 $i 0
999    $a 8 $b 33086000155655 $c 1 $e Status: on shelf $f 20200612 $g 8 $h Suppress: 0 $j 410.92 C548sa 1979 $r TOT_CHECKOUT: 0

