01252cam a2200337   4500
001 9952163025701401
005 20220810163814.0
008 810615|||||||||nyu           ||| | eng  
010    $a 74002687
020    $a 0801408652
035    $a 6910
035    $a (Mills)RLINCMCG24697176-B
035    $a (MillsTIND)19456
050    $a DA185.B27 1974
082    $a 914.2/03/37
092    $a 942.03 $b B262w
100 1  $a Barnie, John.
245 10 $a War in medieval English society; $b social values in the Hundred Years War, 1337-99.
260    $a Ithaca, N.Y., Cornell University Press $c [1974]
300    $a xiii, 204 p. $c 23 cm.
504    $a Bibliography: p. [184]-196.
650  0 $a Hundred Years' War, 1339-1453 $x Public opinion.
651  0 $a England $x Civilization $y 1066-1485.
907    $a .b1021785x $b 2007-10-30 $c 2001-05-15
909 CO $o oai:mills.tind.io:19456 $p GLOBAL_SET
913    $a BIB
945    $b   -  -   $e   -  -   $f 0 $g 1 $i 33086000049858 $j 0 $l bknf  $o - $p $0.00 $q - $r - $s - $t 40 $u 0 $v 0 $w 0 $x 0 $y .i10251443 $z 05-15-01 $h 0 $2 0 $3 0 $k   -  -   $4   -  -  
947 00 $a LTI060707
979    $a Pbook
998    $a bk $b 2001-03-23 $c m $d a $e - $f eng $g nyu $h 0 $i 0
999    $a 8 $b 33086000049858 $c 1 $e Status: on shelf $f 20200612 $g 8 $h Suppress: 0 $j 942.03 B262w $r TOT_CHECKOUT: 0

