01276nam a2200349ui 4500
001 9952163158101401
005 20220810135936.0
008 950228s1977    fr       b    001 0 fre  
010    $a 77558364
020    $a 2020046067 : $c 59.00F
035    $a 255401
035    $a (Mills)CMCG95-B656
035    $a (MillsTIND)22590
040    $a DLC $c DLC $d NAlU $d CStRLIN $d COMC
092    $a 401.41 $b T639t 1977
100 1  $a Todorov, Tzvetan, $d 1939-
245 10 $a Theories du symbole / $c Tzvetan Todorov.
260    $a Paris : $b Editions du Seuil, $c c1977.
300    $a 375 p. ; $c 21 cm.
490 1  $a Collection Poetique
504    $a Includes bibliographical references and index.
650  0 $a Semiotics.
650  0 $a Rhetoric.
830  0 $a Poetique.
907    $a .b10252964 $b 2009-03-23 $c 2001-05-15
909 CO $o oai:mills.tind.io:22590 $p GLOBAL_SET
913    $a BIB
945    $b   -  -   $d EUSTIS $e   -  -   $f 0 $g 1 $i 33086003302346 $j 0 $l bknf  $o - $p $0.00 $q - $r - $s - $t 40 $u 0 $v 0 $w 0 $x 0 $y .i10291179 $z 05-15-01 $h 0 $2 0 $3 0 $k   -  -   $4   -  -   $6 GIFT
947 00 $a LTI060707
979    $a Pbook
998    $a bk $b 2001-03-23 $c m $d a $e - $f fre $g fr  $h 0 $i 0
999    $a 8 $b 33086003302346 $c 1 $e Status: on shelf $f 20200612 $g 8 $h Suppress: 0 $j 401.41 T639t 1977 $r TOT_CHECKOUT: 0 $s Donor: EUSTIS| Requestor: GIFT

