01459nam a22003731  4500
001 9952168525901401
005 20220810141415.0
008 690303s1968    flu      bd   001 0 eng  
010    $a 68031044
035    $a 273025
035    $a (Mills)DYNIX_NUC_273025
035    $a (MillsTIND)76128
040    $a DLC $c DLC $d MIQ
041 0  $a engfregerrus
049    $a MIQA
050 0  $a P29 $b .N34
082    $a 413
092    $a 413 $b N252m 1968
100 1  $a Nash, Rose.
245 10 $a Multilingual lexicon of linguistics and philology : $b English, Russian, German, French / $c Rose Nash ; consultants: Mervin Alleyne, Gerd Fraenkel, Stephen Soudakoff.
260    $a Coral Gables, Fla. : $b University of Miami Press, $c c1968.
300    $a xxvi, 390 p. ; $c 23 cm.
440  0 $a Miami linguistics series ; $v no. 3
504    $a Bibliography: p. 385-390.
650  0 $a Philology $v Dictionaries $x Polyglot.
650  0 $a Dictionaries, Polyglot.
907    $a .b10843292 $b 2007-06-12 $c 2001-05-16
909 CO $o oai:mills.tind.io:76128 $p GLOBAL_SET
913    $a BIB
945    $b   -  -   $d EUSTIS $e   -  -   $f 0 $g 1 $i 33086003644747 $j 0 $l bknf  $o - $p $0.00 $q - $r - $s - $t 40 $u 0 $v 0 $w 0 $x 0 $y .i11025542 $z 05-16-01 $h 0 $2 0 $3 0 $k   -  -   $4   -  -   $6 GIFT
947 00 $a LTI060707
979    $a Pbook
998    $a bk $b 2001-03-23 $c m $d a $e - $f eng $g flu $h 0 $i 0
999    $a 8 $b 33086003644747 $c 1 $e Status: on shelf $f 20200612 $g 8 $h Suppress: 0 $j 413 N252m 1968 $r TOT_CHECKOUT: 0 $s Donor: EUSTIS| Requestor: GIFT

