01292nam a2200361   4500
001 9952168872501401
005 20220810141546.0
008 860312s1972    fr a     b    001 0 fre  
010    $a 72312942
015    $a F***
035    $a 27670
035    $a (Mills)RLINCMCG86-B973
035    $a (MillsTIND)82278
040    $c CU-A $d NNU $d IaU
050 0  $a P29 $b .D8
092    $a 410.3 $b D843d
100 1  $a Ducrot, Oswald.
245 10 $a Dictionnaire encyclopedique des sciences du langage $c [par] Oswald Ducrot [et] Tzvetan Todorov.
260    $a Paris, $b Editions du Seuil $c [1972]
300    $a 469 p. $b illus. $c 23 cm.
490 1  $a Points ; $v 110
504    $a Includes bibliographical references.
650  0 $a Linguistics $v Dictionaries $x French.
700 1  $a Todorov, Tzvetan, $d 1939-
830  0 $a Points ; $v P110.
907    $a .b1090914x $b 2007-10-29 $c 2001-05-16
909 CO $o oai:mills.tind.io:82278 $p GLOBAL_SET
913    $a BIB
945    $b   -  -   $e   -  -   $f 0 $g 1 $i 33086000377028 $j 0 $l bknf  $o - $p $0.00 $q - $r - $s - $t 40 $u 0 $v 0 $w 0 $x 0 $y .i11108599 $z 05-16-01 $h 0 $2 0 $3 0 $k   -  -   $4   -  -  
947 00 $a LTI060707
979    $a Pbook
998    $a bk $b 2001-03-23 $c m $d a $e - $f fre $g fr  $h 0 $i 0
999    $a 8 $b 33086000377028 $c 1 $e Status: on shelf $f 20200612 $g 8 $h Suppress: 0 $j 410.3 D843d $r TOT_CHECKOUT: 0

