01135nam a2200325   4500
001 9952169015201401
005 20220810142259.0
008 860310s1950    nyuab    b    000 0 eng  
010    $a 50006247
035    $a 27586
035    $a (Mills)RLINCMCG86-B886
035    $a (MillsTIND)82037
040    $d IaU
050 0  $a P121 $b .H3
082    $a 400
092    $a 400 $b H178L
100 1  $a Hall, Robert Anderson, $d 1911-
245 10 $a Leave your language alone!
260    $a Ithaca, N.Y., $b Linguistica, $c 1950.
300    $a xi, 254 p. $b 1 illus., maps. $c 23 cm.
504    $a Bibiography: p. 250-252.
650  0 $a Language and languages.
907    $a .b1090654x $b 2007-10-29 $c 2001-05-16
909 CO $o oai:mills.tind.io:82037 $p GLOBAL_SET
913    $a BIB
945    $a 400  H178L $b   -  -   $e   -  -   $f 0 $g 1 $i 33086000376186 $j 0 $l bknf  $o - $p $0.00 $q - $r - $s - $t 40 $u 0 $v 0 $w 0 $x 0 $y .i11105161 $z 05-16-01 $h 0 $2 0 $3 0 $k   -  -   $4   -  -  
947 00 $a LTI060707
979    $a Pbook
998    $a bk $b 2001-03-23 $c m $d a $e - $f eng $g nyu $h 0 $i 0
999    $a 8 $b 33086000376186 $c 1 $e Status: on shelf $f 20200612 $g 8 $h Suppress: 0 $i 400  H178L $j 400 H178L $r TOT_CHECKOUT: 0

