01581nam a2200361   4500
001 9952169280401401
005 20220810142341.0
008 891025s1923    enkh          000 0 eng  
010    $a 24010604
035    $a 98469
035    $a (Mills)RLINCMCG89-B6225
035    $a (MillsTIND)107788
040    $c NNU $d NNU
050 0  $a DA152 $b .R6
092    $a 942.01 $b R662t
100 1  $a Robinson, J. Armitage $q (Joseph Armitage), $d 1858-1933.
245 14 $a The times of Saint Dunstan; $b the Ford lectures delivered in the University of Oxford in the Michaelmas term, 1922, $c by J. Armitage Robinson ...
260    $a Oxford. $b The Clarendon Press, $c 1923.
300    $a 188 p. $b front. (facsim.) $c 23 cm.
505 0  $a Introduction.--King Athelstan.--St. Dunstan.--St. Ethelwold.--St. Oswald.--The Regularis concordia.--Additional notes.
600 00 $a Dunstan, $c Saint, $d 909-988.
600 00 $a Athelstan, $c King of England, $d 895-939.
600 00 $a Aethelwold, $c Saint, Bishop of Winchester, $d ca. 908-984.
600 00 $a Oswald, $c Saint, $d d. 992.
651  0 $a Great Britain $x History $y Anglo-Saxon period, 449-1066.
907    $a .b11184097 $b 2007-10-30 $c 2001-05-16
909 CO $o oai:mills.tind.io:107788 $p GLOBAL_SET
913    $a BIB
945    $b   -  -   $e   -  -   $f 0 $g 1 $i 33086002136547 $j 0 $l bknf  $o - $p $0.00 $q - $r - $s - $t 40 $u 0 $v 0 $w 0 $x 0 $y .i11445051 $z 05-16-01 $h 0 $2 0 $3 0 $k   -  -   $4   -  -  
947 00 $a LTI060707
979    $a Pbook
998    $a bk $b 2001-03-23 $c m $d a $e - $f eng $g enk $h 4 $i 0
999    $a 8 $b 33086002136547 $c 1 $e Status: on shelf $f 20200612 $g 8 $h Suppress: 0 $j 942.01 R662t $r TOT_CHECKOUT: 0

