01371nam a2200385 a 4500
001 9952169550601401
005 20220810143224.0
008 891027s1971    enkacj   b    001 0ceng  
010    $a 73150771//r84
015    $a B72-14982
020    $a 0006329527
035    $a 98587
035    $a (Mills)RLINCMCG89-B6343
035    $a (MillsTIND)108142
043    $a e-uk---
050 0  $a DA375 $b .K4 1970
082    $a 941.06/092/2 $a B
092    $a 942.06 $b K37sl
100 1  $a Kenyon, J. P. $q (John Philipps), $d 1927-
245 14 $a The Stuarts: $b a study in English kingship $c [by] J. P. Kenyon.
250    $a [New ed.]
260    $a London, $b Fontana, $c 1971.
300    $a 224, [12] p. $b illus., geneal. table, ports. $c 18 cm.
440  0 $a British monarchy series
504    $a Bibliography: p. 208-214.
600 30 $a Stuart, House of.
651  0 $a Great Britain $x History $y Stuarts, 1603-1714.
907    $a .b1118775x $b 2007-10-30 $c 2001-05-16
909 CO $o oai:mills.tind.io:108142 $p GLOBAL_SET
913    $a BIB
945    $b   -  -   $e   -  -   $f 0 $g 1 $i 33086002137727 $j 0 $l bknf  $o - $p $0.00 $q - $r - $s - $t 40 $u 0 $v 0 $w 0 $x 0 $y .i1144938x $z 05-16-01 $h 0 $2 0 $3 0 $k   -  -   $4   -  -  
947 00 $a LTI060707
979    $a Pbook
998    $a bk $b 2001-03-23 $c m $d a $e - $f eng $g enk $h 4 $i 0
999    $a 8 $b 33086002137727 $c 1 $e Status: on shelf $f 20200612 $g 8 $h Suppress: 0 $j 942.06 K37sl $r TOT_CHECKOUT: 0

