01776nam a2200409   4500
001 9952170076201401
005 20220810144102.0
008 920121s1936    maub          001 0 eng u
010    $a 36035173
035    $a 162478
035    $a (Mills)RLINCMCG92-B155
035    $a (MillsTIND)114105
040    $c NSyU $d FTaSU $d CStRLIN $d COMC
050 0  $a DK511.C7 $b V3a
082    $a 947.7
092    $a 943.01 $b V334g 1936
100 1  $a Vasilev, A. A. $q (Aleksandr Aleksandrovich), $d b. 1867.
245 14 $a The Goths in the Crimea $c [by] Alexander Alexandrovich Vasiliev.
260    $a Cambridge, Mass., $b The Mediaeval academy of America, $c 1936.
300    $a x, 292 p. $b fold. map. $c 26 cm.
490 1  $a Mediaeval Academy of America. Publication, $v no. 29
500    $a "The publication of this book was made possible by grants of funds to the academy from the Carnegie corporation of New York and the American council of learned societies."
500    $a Reissue of the Academy's monograph no. 11.
500    $a Includes index.
504    $a Bibliographical footnotes.
650  0 $a Goths $z Ukraine $z Crimea.
651  0 $a Crimea (Ukraine) $x History.
830  0 $a Publication (Mediaeval Society of America) ; $v no. 29.
830  0 $a Monographs of the Mediaeval Academy of America ; $v no. 11.
907    $a .b11250884 $b 2009-03-23 $c 2001-05-16
909 CO $o oai:mills.tind.io:114105 $p GLOBAL_SET
913    $a BIB
945    $b   -  -   $e   -  -   $f 0 $g 1 $i 33086001871086 $j 0 $l bknf  $o - $p $0.00 $q - $r - $s - $t 40 $u 0 $v 0 $w 0 $x 0 $y .i11536378 $z 05-16-01 $h 0 $2 0 $3 0 $k   -  -   $4   -  -  
947 00 $a LTI060707
979    $a Pbook
998    $a bk $b 2001-03-23 $c m $d a $e - $f eng $g mau $h 4 $i 0
999    $a 8 $b 33086001871086 $c 1 $e Status: on shelf $f 20200612 $g 8 $h Suppress: 0 $j 943.01 V334g 1936 $r TOT_CHECKOUT: 0

