01216cam a2200313 i 4500
001 9952171164401401
005 20220810145925.0
008 790124s1966    nyu      b    001 0 eng d
035    $a 43942
035    $a (Mills)RLINCMCG9453598-B
035    $a (MillsTIND)125528
040    $a COMC $c COMC
043    $a e-uk---
092    $a 942.06 $b J28s
100 1  $a James, Margaret.
245 10 $a Social problems and policy during the Puritan revolution, 1640-1660.
260    $a New York : $b Barnes & Noble, $c 1966.
300    $a viii, 430 p. ; $c 25 cm.
504    $a Bibliography: p.401-411.
651  0 $a Great Britain $x History $y Puritan Revolution, 1642-1660.
651  0 $a Great Britain $x Social conditions $y 17th century.
907    $a .b11373167 $b 2007-10-11 $c 2001-05-17
909 CO $o oai:mills.tind.io:125528 $p GLOBAL_SET
913    $a BIB
945    $a 942.06 J28s $b   -  -   $e   -  -   $f 0 $g 1 $i 33086000540591 $j 0 $l bknf  $o - $p $0.00 $q - $r - $s - $t 40 $u 0 $v 0 $w 0 $x 0 $y .i11680969 $z 05-17-01 $h 0 $2 0 $3 0 $k   -  -   $4   -  -  
947 00 $a LTI060707
979    $a Pbook
998    $a bk $b 2001-03-23 $c m $d a $e - $f eng $g nyu $h 0 $i 0
999    $a 8 $b 33086000540591 $c 1 $e Status: on shelf $f 20200612 $g 8 $h Suppress: 0 $i 942.06 J28s $j 942.06 J28s $r TOT_CHECKOUT: 0

