01329nam a2200337   4500
001 9952171872601401
005 20220810150901.0
008 860818q19661967enkab    b    001 0 spa  
010    $a 67097284
015    $a B67-10309
035    $a 30230
035    $a (Mills)RLINCMCG86-B3552
035    $a (MillsTIND)89671
040    $c ODaWU $d MdBJ $d CStRLIN $d PU $d COMC
050    $a PC4702 $b .G5 1967
092    $a 467.02 $b G458t 1966
100 1  $a Gifford, Douglas, $d 1924-
245 10 $a Textos linguisticos del medioevo espaol; $c preparados con  introducciones y glosario por D. J. Gifford y F. W. Hodcroft.
250    $a Segunda edicion, corregida.
260    $a Oxford, $b Dolphin Books Co., $c 1966 [i.e.1967]
300    $a 327 p. $b maps $c 22 cm.
504    $a Bibliography: p. 8.
650  0 $a Spanish language $y To 1500 $x Texts.
700 1  $a Hodcroft, F. W. $q (Frederick William)
907    $a .b1098964x $b 2009-03-23 $c 2001-05-16
909 CO $o oai:mills.tind.io:89671 $p GLOBAL_SET
913    $a BIB
945    $b   -  -   $e   -  -   $f 0 $g 1 $i 33086000402628 $j 0 $l bknf  $o - $p $0.00 $q - $r - $s - $t 40 $u 0 $v 0 $w 0 $x 0 $y .i1120431x $z 05-16-01 $h 0 $2 0 $3 0 $k   -  -   $4   -  -  
979    $a Pbook
998    $a bk $b 2001-03-23 $c m $d a $e - $f spa $g enk $h 0 $i 1
999    $a 8 $b 33086000402628 $c 1 $e Status: on shelf $f 20200612 $g 8 $h Suppress: 0 $j 467.02 G458t 1966 $r TOT_CHECKOUT: 0

