01658nam a2200409   4500
001 9952172961101401
005 20220810141248.0
008 890822s1961    nyua     b    001 0 eng  
010    $a 60053139/L/r85
020    $a 0804466912 (set)
035    $a 96500
035    $a (Mills)RLINCMCG89-B4279
035    $a (MillsTIND)102049
040    $d CStRLIN $d MnU $d COMC
043    $a e-gx---
050 0  $a DD89 $b .R36 1961
082 0  $a 943 $2 19
092    $a 943 $b R369g1
100 1  $a Reinhardt, Kurt F. $q (Kurt Frank), $d 1896-
245 10 $a Germany : $b 2000 years.
250    $a Rev. ed.
260    $a New York, $b F. Ungar Pub. Co. $c [1961]
300    $a 2 v. $b illus. $c 24 cm.
500    $a Library lacks v. 3 by Gerhart Hoffmeister and Frederic C. Tubach, published in 1986.
504    $a Includes bibliography.
651  0 $a Germany $x Politics and government.
651  0 $a Germany $x Civilization.
907    $a .b1112281x $b 2007-10-30 $c 2001-05-16
909 CO $o oai:mills.tind.io:102049 $p GLOBAL_SET
913    $a BIB
945    $b   -  -   $c v. 1 $e   -  -   $f 0 $g 1 $i 33086002117125 $j 0 $l bknf  $o - $p $0.00 $q - $r - $s - $t 40 $u 0 $v 0 $w 0 $x 0 $y .i11360100 $z 05-16-01 $h 0 $2 0 $3 0 $k   -  -   $4   -  -  
945    $b   -  -   $c v. 2 $e   -  -   $f 0 $g 1 $i 33086001694603 $j 0 $l bknf  $o - $p $0.00 $q - $r - $s - $t 40 $u 0 $v 0 $w 0 $x 0 $y .i11360112 $z 05-16-01 $h 0 $2 0 $3 0 $k   -  -   $4   -  -  
947 00 $a LTI060707
979    $a Pbook
998    $a bk $b 2001-03-23 $c m $d a $e - $f eng $g nyu $h 0 $i 0
999    $a 8 $b 33086002117125 $c 1 $d v. 1 $e Status: on shelf $f 20200612 $g 8 $h Suppress: 0 $j 943 R369g1 $r TOT_CHECKOUT: 0
999    $a 8 $b 33086001694603 $c 1 $d v. 2 $e Status: on shelf $f 20200612 $g 8 $h Suppress: 0 $j 943 R369g1 $r TOT_CHECKOUT: 0

