01579nam a22003611  4500
001 9952173118401401
005 20220810141314.0
008 890907s1902    nyub     b    000 0 eng  
010    $a 02008869
035    $a 96845
035    $a (Mills)RLINCMCG89-B4621
035    $a (MillsTIND)102939
040    $c OClU $d NNU $d CStRLIN $d MiU
050 0  $a DD90 $b .H49
082    $a 943
092    $a 943 $b H496s
100 1  $a Henderson, Ernest F. $q (Ernest Flagg), $d 1861-1928.
245 12 $a A short history of Germany, $c by Ernest F. Henderson.
260    $a New York, $b The Macmillan Company; $a London, $b Macmillan & Co., Ltd., $c 1902.
300    $a 2 v. $b double maps. $c 23 cm.
504    $a References at the beginning of each chapter.
505 0  $a I. 9 A.D. to 1648 A.D.-- II. 1648 A.D. to 1871 A.D.
651  0 $a Germany $x History.
907    $a .b11132942 $b 2007-10-30 $c 2001-05-16
909 CO $o oai:mills.tind.io:102939 $p GLOBAL_SET
913    $a BIB
945    $b   -  -   $c v. 1 $e   -  -   $f 0 $g 1 $i 33086002120517 $j 0 $l bknf  $o - $p $0.00 $q - $r - $s - $t 40 $u 0 $v 0 $w 0 $x 0 $y .i11371730 $z 05-16-01 $h 0 $2 0 $3 0 $k   -  -   $4   -  -  
945    $b   -  -   $c v. 2 $e   -  -   $f 0 $g 1 $i 33086001694439 $j 0 $l bknf  $o - $p $0.00 $q - $r - $s - $t 40 $u 0 $v 0 $w 0 $x 0 $y .i11371742 $z 05-16-01 $h 0 $2 0 $3 0 $k   -  -   $4   -  -  
947 00 $a LTI060707
979    $a Pbook
998    $a bk $b 2001-03-23 $c m $d a $e - $f eng $g nyu $h 2 $i 0
999    $a 8 $b 33086002120517 $c 1 $d v. 1 $e Status: on shelf $f 20200612 $g 8 $h Suppress: 0 $j 943 H496s $r TOT_CHECKOUT: 0
999    $a 8 $b 33086001694439 $c 1 $d v. 2 $e Status: on shelf $f 20200612 $g 8 $h Suppress: 0 $j 943 H496s $r TOT_CHECKOUT: 0

