01446cam a22004091  4500
001 9952174265601401
005 20220810164607.0
008 721213s1953    nyuc          000 0 engm 
010    $a 52013106 //r83
035    $a 113291
035    $a (Mills)ocm00710638 
035    $a (MillsTIND)139660
040    $a DLC $c DLC $d m.c. $d SER $d MIQ
041 1  $a engund
043    $a e-gx---
049    $a MIQA
050 0  $a DD101 $b .G614 1953
082    $a 943
092    $a 943 $b G597h
100 1  $a Gorlitz, Walter, $d 1913-1991.
240 10 $a Deutsche Generalstab. $l English
245 10 $a History of the German General Staff, 1657-1945. $c Translated by Brian Battershaw. Introd. by Walter Millis.
260    $a New York, $b Praeger $c [1953]
300    $a xviii, 508 p. $b ports. $c 22 cm.
610 10 $a Germany. $b Heer. $b Generalstab.
650  0 $a World War, 1939-1945 $z Germany.
651  0 $a Germany $x History, Military.
651  0 $a Germany $x History $y 1871-
907    $a .b11531526 $b 2009-03-23 $c 2001-05-17
909 CO $o oai:mills.tind.io:139660 $p GLOBAL_SET
910    $a rcp20
913    $a BIB
945    $b   -  -   $e   -  -   $f 0 $g 1 $i 33086002234649 $j 0 $l bknf  $o - $p $0.00 $q - $r - $s - $t 40 $u 0 $v 0 $w 0 $x 0 $y .i12044830 $z 05-17-01 $h 0 $2 0 $3 0 $k   -  -   $4   -  -  
947 00 $a LTI060707
979    $a Pbook
998    $a bk $b 2001-03-23 $c m $d a $e - $f eng $g nyu $h 0 $i 0
999    $a 8 $b 33086002234649 $c 1 $e Status: on shelf $f 20200612 $g 8 $h Suppress: 0 $j 943 G597h $r TOT_CHECKOUT: 0

