01454cam a2200385I  4500
001 9952174366801401
005 20220810164849.0
008 720913s1939    nyu           000 0 engm 
010    $a 39021141
035    $a 113997
035    $a (Mills)ocm00405244 
035    $a (MillsTIND)140914
040    $a DLC $c WSU $d m.c. $d OCL $d SER $d m/c $d MIQ
041 1  $a eng $h ger
049    $a MIQA
050 0  $a DD253 $b .R38
082    $a 943.085
092    $a 943.085 $b R248r
100 1  $a Rauschning, Hermann, $d 1887-1982.
245 14 $a The revolution of nihilism; $b warning to the West, $c by Hermann Rauschning.
260    $a New York, $b Alliance Book Corporation, $b Longmans, Green & Co. $c [c1939]
300    $a xvii, 300 p. $c 24 cm.
500    $a "Translated from German by E.W. Dickes."
610 20 $a Nationalsozialistische Deutsche Arbeiter-Partei.
651  0 $a Germany $x Politics and government $y 1933-1945.
700 1  $a Dickes, E. W. $q (Ernest Walter), $d b. 1876.
907    $a .b11546128 $b 2007-06-13 $c 2001-05-17
909 CO $o oai:mills.tind.io:140914 $p GLOBAL_SET
910    $a rcp20
913    $a BIB
945    $b   -  -   $e   -  -   $f 0 $g 1 $i 33086002242121 $j 0 $l bknf  $o - $p $0.00 $q - $r - $s - $t 40 $u 0 $v 0 $w 0 $x 0 $y .i12063964 $z 05-17-01 $h 0 $2 0 $3 0 $k   -  -   $4   -  -  
947 00 $a LTI060707
979    $a Pbook
998    $a bk $b 2001-03-23 $c m $d a $e - $f eng $g nyu $h 4 $i 0
999    $a 8 $b 33086002242121 $c 1 $e Status: on shelf $f 20200612 $g 8 $h Suppress: 0 $j 943.085 R248r $r TOT_CHECKOUT: 0

