01363cam a2200385   4500
001 9952174496901401
005 20220810164913.0
008 721114s1972    njua     b    001 0 eng  
010    $a 70154997
020    $a 0691051895 $a 0691100004 (pbk.) $c $19.50
035    $a 113841
035    $a (Mills)ocm00516090 
035    $a (MillsTIND)140616
040    $a DLC $c DLC $d m.c. $d OCL $d MIQ
043    $a e-gx---
049    $a MIQA
050 0  $a DD247.H5 $b G637
082    $a 943.085
092    $a 943.085 $b G663h
100 1  $a Gordon, Harold J.
245 10 $a Hitler and the Beer Hall Putsch $c [by] Harold J. Gordon, Jr.
260    $a Princeton, N.J., $b Princeton University Press, $c 1972.
300    $a xii, 666 p. $b illus. $c 24 cm.
504    $a Bibliography: p. 633-647.
600 10 $a Hitler, Adolf, $d 1889-1945.
651  0 $a Germany $x History $y Beer Hall Putsch, 1923.
907    $a .b11542500 $b 2007-06-13 $c 2001-05-17
909 CO $o oai:mills.tind.io:140616 $p GLOBAL_SET
910    $a rcp20
913    $a BIB
945    $b   -  -   $e   -  -   $f 0 $g 1 $i 33086002240430 $j 0 $l bknf  $o - $p $0.00 $q - $r - $s - $t 40 $u 0 $v 0 $w 0 $x 0 $y .i12058567 $z 05-17-01 $h 0 $2 0 $3 0 $k   -  -   $4   -  -  
947 00 $a LTI060707
979    $a Pbook
998    $a bk $b 2001-03-23 $c m $d a $e - $f eng $g nju $h 0 $i 0
999    $a 8 $b 33086002240430 $c 1 $e Status: on shelf $f 20200612 $g 8 $h Suppress: 0 $j 943.085 G663h $r TOT_CHECKOUT: 0

