01225nam a2200349I  4500
001 9952174534601401
005 20220810164920.0
008 760121s1944    nyu           000 0 engm 
010    $a 44000687
035    $a 114012
035    $a (Mills)ocm01940263 
035    $a (MillsTIND)140934
040    $a DLC $c CIN $d CIN $d MIQ
049    $a MIQA
050    $a DD240 $b .S42
082    $a 943.085
092    $a 943.085 $b S387g
100 1  $a Schultz, Sigrid Lillian.
245 10 $a Germany will try it again, $c by Sigrid Schultz.
260    $a New York, $b Reynal & Hitchcock $c [1944]
300    $a xi, 238 p. $c 22 cm.
651  0 $a Germany $x Politics and government $y 1918-1933.
651  0 $a Germany $x Politics and government $y 1933-1945.
907    $a .b1154644x $b 2007-06-13 $c 2001-05-17
909 CO $o oai:mills.tind.io:140934 $p GLOBAL_SET
910    $a rcp20
913    $a BIB
945    $b   -  -   $e   -  -   $f 0 $g 1 $i 33086002242279 $j 0 $l bknf  $o - $p $0.00 $q - $r - $s - $t 40 $u 0 $v 0 $w 0 $x 0 $y .i12064373 $z 05-17-01 $h 0 $2 0 $3 0 $k   -  -   $4   -  -  
947 00 $a LTI060707
979    $a Pbook
998    $a bk $b 2001-03-23 $c m $d a $e - $f eng $g nyu $h 0 $i 0
999    $a 8 $b 33086002242279 $c 1 $e Status: on shelf $f 20200612 $g 8 $h Suppress: 0 $j 943.085 S387g $r TOT_CHECKOUT: 0

