01544cam a2200385I  4500
001 9952174765401401
005 20220810165011.0
008 750701s1944    nyuh          000 0 engmc
010    $a a  44002551
035    $a 115978
035    $a (Mills)ocm01424270 
035    $a (MillsTIND)145041
040    $a Columbia Univ. Libraries $c CIN $d m.c. $d OCL $d SER $d MIQ
049    $a MIQA
050 0  $a DA400 $b .H3
082    $a 942.063
092    $a 942.063 $b H185L
100 1  $a Haller, William, $d b. 1885.
245 14 $a The Leveller tracts, 1647-1653, $c edited by William Haller ... and Godfrey Davies ...
260    $a [New York] $b Pub. by Columbia University Press in cooperation with Henry E. Huntington Library and Art Gallery, $c 1944.
300    $a vi, [2], 481 p. $b front., facsims. $c 24 cm.
600 10 $a Lilburne, John, $d 1614?-1657.
650  0 $a Levellers.
651  0 $a Great Britain $x History $y Puritan Revolution, 1642-1660 $v Sources.
651  0 $a Great Britain $x Politics and government $y 1642-1660.
700 1  $a Davies, Godfrey, $d 1892-1957.
907    $a .b11591870 $b 2007-06-13 $c 2001-05-17
909 CO $o oai:mills.tind.io:145041 $p GLOBAL_SET
910    $a rcp21
913    $a BIB
945    $b   -  -   $e   -  -   $f 0 $g 1 $i 33086002264224 $j 0 $l bknf  $o - $p $0.00 $q - $r - $s - $t 40 $u 0 $v 0 $w 0 $x 0 $y .i12122956 $z 05-17-01 $h 0 $2 0 $3 0 $k   -  -   $4   -  -  
947 00 $a LTI060707
979    $a Pbook
998    $a bk $b 2001-03-23 $c m $d a $e - $f eng $g nyu $h 4 $i 0
999    $a 8 $b 33086002264224 $c 1 $e Status: on shelf $f 20200612 $g 8 $h Suppress: 0 $j 942.063 H185L $r TOT_CHECKOUT: 0

