01387cam a2200397   4500
001 9952174767901401
005 20220810165014.0
008 680301c19681967nyuac    b    000 0ceng  
010    $a 68015436 //r87
020    $a 0713153067
035    $a 116381
035    $a (Mills)ocm00438941 
035    $a (MillsTIND)145891
040    $a DLC $c DLC $d m.c. $d MIQ
043    $a e-uk---
049    $a MIQA
050 0  $a DA536.C6 $b R4 1968
082    $a 942.081/0922
092    $a 942.081 $b R282c
100 1  $a Read, Donald.
245 10 $a Cobden and Bright: a Victorian political partnership.
260    $a New York, $b St. Martin's Press, $c 1968 [c1967]
300    $a ix, 275 p. $b illus., ports. $c 23 cm.
504    $a Bibliography: p. 251-270.
600 10 $a Cobden, Richard, $d 1804-1865.
600 10 $a Bright, John, $d 1811-1889.
651  0 $a Great Britain $x Politics and government $y 1837-1901.
907    $a .b1160136x $b 2007-06-13 $c 2001-05-17
909 CO $o oai:mills.tind.io:145891 $p GLOBAL_SET
910    $a rcp21
913    $a BIB
945    $b   -  -   $e   -  -   $f 0 $g 1 $i 33086002268415 $j 0 $l bknf  $o - $p $0.00 $q - $r - $s - $t 40 $u 0 $v 0 $w 0 $x 0 $y .i12133279 $z 05-17-01 $h 0 $2 0 $3 0 $k   -  -   $4   -  -  
947 00 $a LTI060707
979    $a Pbook
998    $a bk $b 2001-03-23 $c m $d a $e - $f eng $g nyu $h 0 $i 0
999    $a 8 $b 33086002268415 $c 1 $e Status: on shelf $f 20200612 $g 8 $h Suppress: 0 $j 942.081 R282c $r TOT_CHECKOUT: 0

