01309cam a2200361I  4500
001 9952174863101401
005 20220810165229.0
008 801006s1955    enk      b    001 0 eng  
010    $a 56002454
035    $a 116252
035    $a (Mills)ocm06794529 
035    $a (MillsTIND)145607
040    $a DLC $c MYG $d m.c. $d OCL $d WSU $d MIQ
049    $a MIQA
050 0  $a DA435 $b .O35
082    $a 942.067
092    $a 942.067 $b O34e
100 1  $a Ogg, David, $d 1887-1965.
245 10 $a England in the reigns of James II and Wiiliam III.
260    $a Oxford, $b Clarendon Press, $c 1955.
300    $a xii, 567 p. $c 23 cm.
500    $a "A sequel to the author's England in the reign of Charles II, first published in 1934."
504    $a Bibliographical footnotes.
651  0 $a Great Britain $x History $y 1660-1714.
907    $a .b11598335 $b 2007-06-13 $c 2001-05-17
909 CO $o oai:mills.tind.io:145607 $p GLOBAL_SET
910    $a rcp21
913    $a BIB
945    $b   -  -   $e   -  -   $f 0 $g 1 $i 33086001165281 $j 0 $l bknf  $o - $p $0.00 $q - $r - $s - $t 40 $u 0 $v 0 $w 0 $x 0 $y .i12129999 $z 05-17-01 $h 0 $2 0 $3 0 $k   -  -   $4   -  -  
947 00 $a LTI060707
979    $a Pbook
998    $a bk $b 2001-03-23 $c m $d a $e - $f eng $g enk $h 0 $i 0
999    $a 8 $b 33086001165281 $c 1 $e Status: on shelf $f 20200612 $g 8 $h Suppress: 0 $j 942.067 O34e $r TOT_CHECKOUT: 0

