01323cam a2200373I  4500
001 9952174879201401
005 20220810165235.0
008 720907s1960    enkb     b    000 0 eng  
010    $a 60050916
035    $a 116326
035    $a (Mills)ocm00401100 
035    $a (MillsTIND)145774
040    $a DLC $c WSU $d OCL $d SER $d MIQ
049    $a MIQA
050 0  $a DA505 $b .W38
082    $a 942.073
092    $a 942.073 $b W339r
100 1  $a Watson, J. Steven $q (John Steven)
245 14 $a The reign of George III, 1760-1815.
260    $a Oxford, $b Clarendon Press, $c 1960.
300    $a xviii, 637 p. $b fold. maps. $c 23 cm.
490 1  $a The Oxford history of England, $v 12
504    $a Bibliography: p. [585]-611.
651  0 $a Great Britain $x History $y George III, 1760-1820.
830  0 $a Oxford history of England ; $v 12.
907    $a .b11600135 $b 2007-06-13 $c 2001-05-17
909 CO $o oai:mills.tind.io:145774 $p GLOBAL_SET
910    $a rcp21
913    $a BIB
945    $b   -  -   $e   -  -   $f 0 $g 1 $i 33086002267839 $j 0 $l bknf  $o - $p $0.00 $q - $r - $s - $t 40 $u 0 $v 0 $w 0 $x 0 $y .i12131969 $z 05-17-01 $h 0 $2 0 $3 0 $k   -  -   $4   -  -  
947 00 $a LTI060707
979    $a Pbook
998    $a bk $b 2001-03-23 $c m $d a $e - $f eng $g enk $h 4 $i 0
999    $a 8 $b 33086002267839 $c 1 $e Status: on shelf $f 20200612 $g 8 $h Suppress: 0 $j 942.073 W339r $r TOT_CHECKOUT: 0

