01356cam a2200385I  4500
001 9952174880401401
005 20220810165231.0
008 770629s1953    enk      b    001 0 engm 
010    $a 53008853
035    $a 116320
035    $a (Mills)ocm03081734 
035    $a (MillsTIND)145760
040    $a DLC $c KLG $d m.c. $d SER $d MIQ
049    $a MIQA
050 0  $a DA505 $b .P3
082    $a 942.073
092    $a 942.073 $b P228k
100 1  $a Pares, Richard, $d 1902-1958.
245 10 $a King George III and the politicians.
260    $a Oxford [Eng.] $b Clarendon Press $c 1953.
300    $a 214 p. $c 23 cm.
490 1  $a The Ford lectures, $v 1951-2
504    $a Bibliographical footnotes.
600 00 $a George $b III, $c King of Great Britain, $d 1738-1820.
651  0 $a Great Britain $x Politics and government $y 1760-1820.
830  0 $a Ford lectures ; $v 1951-2.
907    $a .b11599996 $b 2007-06-13 $c 2001-05-17
909 CO $o oai:mills.tind.io:145760 $p GLOBAL_SET
910    $a rcp21
913    $a BIB
945    $b   -  -   $e   -  -   $f 0 $g 1 $i 33086002267771 $j 0 $l bknf  $o - $p $0.00 $q - $r - $s - $t 40 $u 0 $v 0 $w 0 $x 0 $y .i12131829 $z 05-17-01 $h 0 $2 0 $3 0 $k   -  -   $4   -  -  
947 00 $a LTI060707
979    $a Pbook
998    $a bk $b 2001-03-23 $c m $d a $e - $f eng $g enk $h 0 $i 0
999    $a 8 $b 33086002267771 $c 1 $e Status: on shelf $f 20200612 $g 8 $h Suppress: 0 $j 942.073 P228k $r TOT_CHECKOUT: 0

