01631cam a2200409I  4500
001 9952174893701401
005 20220810165241.0
008 750108s1928    nyuach   b    000 0aengmu
020    $a 0836958128
035    $a 116360
035    $a (Mills)ocm01134402 
035    $a (MillsTIND)145842
040    $c MYG $d m.c. $d m/c $d OCL $d MIQ
043    $a e-uk---
049    $a MIQA
082    $a 942.081/0922
092    $a 942.08 $b P178g
100 1  $a Palmerston, Henry John Temple, $c Viscount, $d 1784-1865.
245 10 $a Gladstone and Palmerston; $b being the correspondence of Lord Palmerston with Mr. Gladstone, 1851-1865. $c Edited with an introd. and commentary by Philip Guedalla.
260    $a New York, $b Harper, $c 1928.
300    $a 367 p. $b illus., facsims., ports. $c 24 cm.
490 1  $a The Palmerston papers
504    $a Bibliography: p. 79.
651  0 $a Great Britain $x Politics and government $y 1837-1901.
700 1  $a Gladstone, W. E. $q (William Ewart), $d 1809-1898.
700 1  $a Guedalla, Philip, $d 1889-1944.
800 1  $a Palmerston, Henry John Temple, $c Viscount, $d 1784-1865. $t Papers.
830  0 $a The Palmerston papers
907    $a .b11600834 $b 2016-12-07 $c 2001-05-17
909 CO $o oai:mills.tind.io:145842 $p GLOBAL_SET
910    $a rcp21
913    $a BIB
945    $b   -  -   $e   -  -   $f 0 $g 1 $i 33086002268191 $j 0 $l bknf  $o - $p $0.00 $q - $r - $s - $t 40 $u 0 $v 0 $w 0 $x 0 $y .i12132743 $z 05-17-01 $h 0 $2 0 $3 0 $k   -  -   $4   -  -  
947 00 $a LTI060707
979    $a Pbook
998    $a bk $b 2001-03-23 $c m $d a $e - $f eng $g nyu $h 0 $i 0
999    $a 8 $b 33086002268191 $c 1 $e Status: on shelf $f 20200612 $g 8 $h Suppress: 0 $j 942.08 P178g $r TOT_CHECKOUT: 0

