01361cam a2200373I  4500
001 9952174903501401
005 20220810165240.0
008 720907s1965    nyub     b    000 0 engm 
010    $a 65027513
035    $a 116409
035    $a (Mills)ocm00401070 
035    $a (MillsTIND)145952
040    $a DLC $c WSU $d OCL $d SER $d m.c. $d SER $d MIQ
049    $a MIQA
050 0  $a DA566 $b .T38
082    $a 942.083
092    $a 942.083 $b T238e
100 1  $a Taylor, A. J. P. $q (Alan John Percivale), $d 1906-1990.
245 10 $a English history, 1914-1945 $c [by] A.J.P. Taylor.
260    $a New York, $b Oxford University Press, $c 1965.
300    $a xxvii, 708 p. $b maps. $c 23 cm.
490 1  $a The Oxford history of England, $v 15
504    $a Bibliography: p. [602]-639.
651  0 $a Great Britain $x History $y 20th century.
830  0 $a Oxford history of England ; $v 15.
907    $a .b11602028 $b 2007-06-13 $c 2001-05-17
909 CO $o oai:mills.tind.io:145952 $p GLOBAL_SET
910    $a rcp21
913    $a BIB
945    $b   -  -   $e   -  -   $f 0 $g 1 $i 33086000036103 $j 0 $l bknf  $o - $p $0.00 $q - $r - $s - $t 40 $u 0 $v 0 $w 0 $x 0 $y .i12133978 $z 05-17-01 $h 0 $2 0 $3 0 $k   -  -   $4   -  -  
947 00 $a LTI060707
979    $a Pbook
998    $a bk $b 2001-03-23 $c m $d a $e - $f eng $g nyu $h 0 $i 0
999    $a 8 $b 33086000036103 $c 1 $e Status: on shelf $f 20200612 $g 8 $h Suppress: 0 $j 942.083 T238e $r TOT_CHECKOUT: 0

