01195cam a2200349I  4500
001 9952174907301401
005 20220810165243.0
008 750801s1962    ilua     b    000 0 enge 
010    $a 62013235 /L
035    $a 116389
035    $a (Mills)ocm01496456 
035    $a (MillsTIND)145910
040    $a DLC $c CIN $d m.c. $d OCL $d MIQ
049    $a MIQA
050 0  $a DA566 $b .H37
082    $a 942.082
092    $a 942.082 $b H388t
100 1  $a Havighurst, Alfred F.
245 10 $a Twentieth-century Britain.
260    $a Evanston, Ill., $b Row, Peterson $c [1962]
300    $a xii, 486 p. $b illus. $c 24 cm.
504    $a Bibliography: p. 478-486.
651  0 $a Great Britain $x History $y 20th century.
907    $a .b11601565 $b 2007-06-13 $c 2001-05-17
909 CO $o oai:mills.tind.io:145910 $p GLOBAL_SET
910    $a rcp21
913    $a BIB
945    $b   -  -   $e   -  -   $f 0 $g 1 $i 33086002268498 $j 0 $l bknf  $o - $p $0.00 $q - $r - $s - $t 40 $u 0 $v 0 $w 0 $x 0 $y .i12133474 $z 05-17-01 $h 0 $2 0 $3 0 $k   -  -   $4   -  -  
947 00 $a LTI060707
979    $a Pbook
998    $a bk $b 2001-03-23 $c m $d a $e - $f eng $g ilu $h 0 $i 0
999    $a 8 $b 33086002268498 $c 1 $e Status: on shelf $f 20200612 $g 8 $h Suppress: 0 $j 942.082 H388t $r TOT_CHECKOUT: 0

