01335cam a2200361I  4500
001 9952175475201401
005 20220810165748.0
008 780511c19621960nyu      b    001 0 eng d
035    $a 56383
035    $a (Mills)ocm03884607 
035    $a (MillsTIND)149434
040    $a TLT $c TLT $d m.c. $d OCL $d MIQ
049    $a MIQA
092    $a 220 $b D639a1
100 1  $a Dodd, C. H. $q (Charles Harold), $d 1884-1973.
245 14 $a The authority of the Bible / $c C. H. Dodd.
250    $a Rev. ed.
260    $a New York : $b Harper, $c [1962, c1960]
300    $a 288 p. ; $c 21 cm.
490 1  $a Harper torchbooks : the Cloister library ; TB43
500    $a Includes bibliographical references and indexes.
630 00 $a Bible $x Evidences, authority, etc.
630 00 $a Bible $x Inspiration.
830  0 $a Harper torchbooks. $p Cloister library ; $v TB43.
907    $a .b11639349 $b 2007-06-13 $c 2001-05-17
909 CO $o oai:mills.tind.io:149434 $p GLOBAL_SET
910    $a rcp16
913    $a BIB
945    $b   -  -   $e   -  -   $f 0 $g 1 $i 33086000670802 $j 0 $l bknf  $o - $p $0.00 $q - $r - $s - $t 40 $u 0 $v 0 $w 0 $x 0 $y .i12180038 $z 05-17-01 $h 0 $2 0 $3 0 $k   -  -   $4   -  -  
947 00 $a LTI060707
979    $a Pbook
998    $a bk $b 2001-03-23 $c m $d a $e - $f eng $g nyu $h 4 $i 0
999    $a 8 $b 33086000670802 $c 1 $e Status: on shelf $f 20200612 $g 8 $h Suppress: 0 $j 220 D639a1 $r TOT_CHECKOUT: 0

