01272nam a2200349I  4500
001 9952175482201401
005 20220810165745.0
008 721120|1903||||xx            000 0 eng u
010    $a 03031885
035    $a 56202
035    $a (Mills)ocm00498675 
035    $a (MillsTIND)149128
040    $c OUN $d m.c. $d MIQ
049    $a MIQA
050    $a JC571 $b .H2
092    $a 323.4 $b H131r
100 1  $a Hadley, Arthur Twining, $d 1856-1930.
245 14 $a The relations between freedom and responsibility in the evolution of democratic government, $c by Arthur Twining Hadley ...
260    $a New York, $b C. Scribner's sons, $c 1903.
300    $a 175 p. $c 20 cm.
440  0 $a Yale lectures on the responsibilities of citizenship
650  0 $a Liberty.
650  0 $a Democracy.
907    $a .b11636221 $b 2007-06-13 $c 2001-05-17
909 CO $o oai:mills.tind.io:149128 $p GLOBAL_SET
910    $a rcp14
913    $a BIB
945    $b   -  -   $e   -  -   $f 0 $g 1 $i 33086000668939 $j 0 $l bknf  $o - $p $0.00 $q - $r - $s - $t 40 $u 0 $v 0 $w 0 $x 0 $y .i1217614x $z 05-17-01 $h 0 $2 0 $3 0 $k   -  -   $4   -  -  
947 00 $a LTI060707
979    $a Pbook
998    $a bk $b 2001-03-23 $c m $d a $e - $f eng $g xx  $h 4 $i 0
999    $a 8 $b 33086000668939 $c 1 $e Status: on shelf $f 20200612 $g 8 $h Suppress: 0 $j 323.4 H131r $r TOT_CHECKOUT: 0

