01285nam a2200373I  4500
001 9952175485701401
005 20220810165754.0
008 750610|1929||||xx            000 0 eng u
010    $a 29003621
035    $a 55883
035    $a (Mills)ocm01381722 
035    $a (MillsTIND)148664
040    $c AKR $d m/c $d MIQ
049    $a MIQA
050 0  $a BR110 $b .C6
092    $a 201 $b C592p
100 1  $a Clark, Elmer Talmage, $d 1886-1966.
245 14 $a The psychology of religious awakening, $c by Elmer T. Clark.
246 3  $a Religious awakening, The psychology of
260    $a New York, $b Macmillan, $c 1929.
300    $a 170 p. $b fold. tables, diagrs. $c 25 cm.
504    $a Bibliography: p. 161-166.
650  0 $a Psychology, Religious.
650  0 $a Conversion.
650  0 $a Religion.
907    $a .b11630905 $b 2007-06-13 $c 2001-05-17
909 CO $o oai:mills.tind.io:148664 $p GLOBAL_SET
910    $a rcp16
913    $a BIB
945    $b   -  -   $e   -  -   $f 0 $g 1 $i 33086000665638 $j 0 $l bknf  $o - $p $0.00 $q - $r - $s - $t 40 $u 0 $v 0 $w 0 $x 0 $y .i12170276 $z 05-17-01 $h 0 $2 0 $3 0 $k   -  -   $4   -  -  
947 00 $a LTI060707
979    $a Pbook
998    $a bk $b 2001-03-23 $c m $d a $e - $f eng $g xx  $h 4 $i 0
999    $a 8 $b 33086000665638 $c 1 $e Status: on shelf $f 20200612 $g 8 $h Suppress: 0 $j 201 C592p $r TOT_CHECKOUT: 0

