01218cam a2200349   4500
001 9952175505301401
005 20220810165748.0
008 710602c19711941nyuh     b    001 0 eng  
010    $a 76120241
035    $a 56374
035    $a (Mills)ocm00142917 
035    $a (MillsTIND)149421
040    $a DLC $c DLC $d OCL $d MIQ
049    $a MIQA
050 0  $a BS455 $b .B8 1971
082    $a 220.52/009
092    $a 220 $b B988L
100 1  $a Butterworth, Charles C., $d 1894-1957.
245 14 $a The literary lineage of the King James Bible, 1340-1611.
260    $a New York, $b Octagon Books, $c 1971 [c1941]
300    $a xi, 394 p. $b facsim. $c 24 cm.
504    $a Bibliography: p. 359-383.
630 00 $a Bible. $l English $x History.
907    $a .b11639209 $b 2007-06-13 $c 2001-05-17
909 CO $o oai:mills.tind.io:149421 $p GLOBAL_SET
910    $a rcp16
913    $a BIB
945    $b   -  -   $e   -  -   $f 0 $g 1 $i 33086000670703 $j 0 $l bknf  $o - $p $0.00 $q - $r - $s - $t 40 $u 0 $v 0 $w 0 $x 0 $y .i12179863 $z 05-17-01 $h 0 $2 0 $3 0 $k   -  -   $4   -  -  
947 00 $a LTI060707
979    $a Pbook
998    $a bk $b 2001-03-23 $c m $d a $e - $f eng $g nyu $h 4 $i 0
999    $a 8 $b 33086000670703 $c 1 $e Status: on shelf $f 20200612 $g 8 $h Suppress: 0 $j 220 B988L $r TOT_CHECKOUT: 0

