01225cam a2200349I  4500
001 9952175641401401
005 20220810165816.0
008 730725s1934    nyu      b    000 0 eng u
010    $a 34023477
035    $a 56284
035    $a (Mills)ocm00663959 
035    $a (MillsTIND)149269
040    $c DRB $d SER $d MIQ
049    $a MIQA
092    $a 211 $b M827d
100 1  $a Morais, Herbert M. $q (Herbert Montfort), $d 1905-1970.
245 10 $a Deism in eighteenth century America.
260    $a New York, $b Columbia university press, $c 1934.
300    $a 203 p. $c 23 cm.
504    $a Includes bibliography.
650  0 $a Deism $x History.
651  0 $a United States $x Religion.
651  0 $a United States $x Church history $y To 1775.
907    $a .b11637638 $b 2007-06-13 $c 2001-05-17
909 CO $o oai:mills.tind.io:149269 $p GLOBAL_SET
910    $a rcp16
913    $a BIB
945    $b   -  -   $e   -  -   $f 0 $g 1 $i 33086000669796 $j 0 $l bknf  $o - $p $0.00 $q - $r - $s - $t 40 $u 0 $v 0 $w 0 $x 0 $y .i12177908 $z 05-17-01 $h 0 $2 0 $3 0 $k   -  -   $4   -  -  
947 00 $a LTI060707
979    $a Pbook
998    $a bk $b 2001-03-23 $c m $d a $e - $f eng $g nyu $h 0 $i 0
999    $a 8 $b 33086000669796 $c 1 $e Status: on shelf $f 20200612 $g 8 $h Suppress: 0 $j 211 M827d $r TOT_CHECKOUT: 0

