01306cam a2200373I  4500
001 9952176016201401
005 20220810170347.0
008 720131s1948    lauab    b   s000 0 eng  
010    $a 48006217
035    $a 59258
035    $a (Mills)ocm00230710 
035    $a (MillsTIND)154178
040    $a DLC $c WSU $d SER $d OCL $d MIQ
049    $a MIQA
050 0  $a HD473 $b .T3
082    $a 323.354
092    $a 323.354 $b T239r
100 1  $a Taylor, Carl C. $q (Carl Cleveland), $d 1884-1975.
245 10 $a Rural life in Argentina.
260    $a Baton Rouge, $b Louisiana State Univ. Press, $c 1948.
300    $a xx, 464 p. $b illus., maps. $c 24 cm.
504    $a Includes bibliographies.
650  0 $a Peasants $z Argentina.
650  0 $a Land use $z Argentina.
650  0 $a Agriculture $x Economic aspects $z Argentina.
907    $a .b11688993 $b 2011-10-27 $c 2001-05-17
909 CO $o oai:mills.tind.io:154178 $p GLOBAL_SET
910    $a rcp12
913    $a BIB
945    $b   -  -   $e   -  -   $f 0 $g 1 $i 33086000701128 $j 0 $l bknf  $o - $p $0.00 $q - $r - $s - $t 40 $u 0 $v 0 $w 0 $x 0 $y .i12239975 $z 05-17-01 $h 0 $2 0 $3 0 $k   -  -   $4   -  -  
947 00 $a LTI060707
979    $a Pbook
998    $a bk $b 2001-03-23 $c m $d a $e - $f eng $g lau $h 0 $i 0
999    $a 8 $b 33086000701128 $c 1 $e Status: on shelf $f 20200612 $g 8 $h Suppress: 0 $j 323.354 T239r $r TOT_CHECKOUT: 0

