01359cam a2200373I  4500
001 9952176138001401
005 20220810170437.0
008 720310s1960    cau      b   s000 0 eng  
010    $a 60011846
035    $a 59219
035    $a (Mills)ocm00261151 
035    $a (MillsTIND)154120
040    $a DLC $c WSU $d m.c. $d OCL $d MIQ
049    $a MIQA
050 0  $a HT351 $b .B4
082    $a 301.362
092    $a 323.353 $b B496w
100 1  $a Berger, Bennett M.
245 10 $a Working-class suburb; $b a study of auto workers in suburbia.
260    $a Berkeley, $b University of California Press, $c 1960.
300    $a xiii, 143 p. $b tables. $c 25 cm.
500    $a "A publication of the Institute of Industrial Relations, University of California."
504    $a Bibliography: p.[139]-143.
650  0 $a Suburban life $v Case studies.
651  0 $a Milpitas (Calif.)
907    $a .b11688324 $b 2007-06-13 $c 2001-05-17
909 CO $o oai:mills.tind.io:154120 $p GLOBAL_SET
910    $a rcp12
913    $a BIB
945    $b   -  -   $e   -  -   $f 0 $g 1 $i 33086000700716 $j 0 $l bknf  $o - $p $0.00 $q - $r - $s - $t 40 $u 0 $v 0 $w 0 $x 0 $y .i12239124 $z 05-17-01 $h 0 $2 0 $3 0 $k   -  -   $4   -  -  
947 00 $a LTI060707
979    $a Pbook
998    $a bk $b 2001-03-23 $c m $d a $e - $f eng $g cau $h 0 $i 0
999    $a 8 $b 33086000700716 $c 1 $e Status: on shelf $f 20200612 $g 8 $h Suppress: 0 $j 323.353 B496w $r TOT_CHECKOUT: 0

