01373cam a2200361I  4500
001 9952176141001401
005 20220810170445.0
008 720313s1954    ncua     b    000 0 eng  
010    $a 55000462
035    $a 59197
035    $a (Mills)ocm00261458 
035    $a (MillsTIND)154089
040    $a DLC $c WSU $d OCL $d m.c. $d MIQ
049    $a MIQA
050 0  $a HT123 $b .V3
082    $a 323.352 $a 301.36*
092    $a 323.352 $b V222u
100 1  $a Vance, Rupert Bayless, $d 1899-
245 14 $a The urban South $c [by] Rupert B. Vance and Nicholas J. Demerath, editors, with the assistance of Sara Smith and Elizabeth M. Fink.
260    $a Chapel Hill, $b University of North Carolina Press, $c 1954.
300    $a xii, 307 p. $b diagrs. $c 24 cm.
504    $a Bibliographical footnotes.
650  0 $a Cities and towns $z Southern States.
700 1  $a Demerath, Nicholas J., $d 1913-
907    $a .b11687988 $b 2007-06-13 $c 2001-05-17
909 CO $o oai:mills.tind.io:154089 $p GLOBAL_SET
910    $a rcp12
913    $a BIB
945    $b   -  -   $e   -  -   $f 0 $g 1 $i 33086000700492 $j 0 $l bknf  $o - $p $0.00 $q - $r - $s - $t 40 $u 0 $v 0 $w 0 $x 0 $y .i12238764 $z 05-17-01 $h 0 $2 0 $3 0 $k   -  -   $4   -  -  
947 00 $a LTI060707
979    $a Pbook
998    $a bk $b 2001-03-23 $c m $d a $e - $f eng $g ncu $h 4 $i 0
999    $a 8 $b 33086000700492 $c 1 $e Status: on shelf $f 20200612 $g 8 $h Suppress: 0 $j 323.352 V222u $r TOT_CHECKOUT: 0

