01723cam a2200421 i 4500
001 9952160808801401
005 20220810155733.0
008 790618s1978    enkcf    b    011 0 eng  
010    $a 78326869
015    $a GB***
020    $a 0198224397 : $c L.12.50
035    $a 957
035    $a (Mills)RLINCMCG11077832-B
035    $a (MillsTIND)2289
043    $a e-uk--- $a e-uk-en
050 0  $a DA405 $b .P83
082    $a 941.06
092    $a 942.062 P985
245 00 $a Puritans and revolutionaries : $b essays in seventeenth-century history presented to Christopher Hill / $c edited by Donald Pennington and Keith Thomas.
260    $a Oxford : $b Clarendon Press, $c 1978.
300    $a xii, 419 p., [1] leaf of plates : $b port. ; $c 23 cm.
504    $a "Christopher Hill, a select bibliography, 1938-1977": p. [382] 402.
504    $a Includes bibliographical references and index.
600 10 $a Hill, Christopher, $d 1912-2003.
600 10 $a Hill, Christopher, $d 1912-2003 $v Bibliography.
650  0 $a Puritans $z England.
651  0 $a Great Britain $x History $y Puritan Revolution, 1642-1660.
700 1  $a Hill, Christopher, $d 1912-2003.
700 1  $a Pennington, D. H. $q (Donald H.)
700 1  $a Thomas, Keith, $d 1933-
907    $a .b10026344 $b 2014-09-30 $c 2001-05-15
909 CO $o oai:mills.tind.io:2289 $p GLOBAL_SET
913    $a BIB
945    $a 942.062 P985 $b   -  -   $e   -  -   $f 0 $g 1 $i 33086000109579 $j 0 $l bknf  $o - $p $0.00 $q - $r - $s - $t 40 $u 0 $v 0 $w 0 $x 0 $y .i10030608 $z 05-15-01 $h 0 $2 0 $3 0 $k   -  -   $4   -  -  
947 00 $a LTI060707
979    $a Pbook
998    $a bk $b 2001-03-23 $c m $d a $e - $f eng $g enk $h 0 $i 0
999    $a 8 $b 33086000109579 $c 1 $e Status: on shelf $f 20200612 $g 8 $h Suppress: 0 $i 942.062 P985 $j 942.062 P985 $r TOT_CHECKOUT: 0

