01250cam a2200337 i 4500
001 9952161425001401
005 20220810155817.0
008 790507s1975    nyu           001 0 eng  
010    $a 74079634
020    $a 0195017951  $c $10.95
035    $a 593
035    $a (Mills)RLINCMCG10626590-B
035    $a (MillsTIND)1391
040    $a CSt $c CSt $d d COMC
050 0  $a LA628.7 $b .S7
082    $a 322.4/4/094
092    $a 322.44 $b S797d 1975
100 1  $a Statera, Gianni.
245 10 $a Death of a utopia : $b the development and decline of student movements in Europe / $c by Gianni Statera.
260    $a New York : $b Oxford Univ. Press, $c 1975.
300    $a ix, 294 p. ; $c 22 cm.
650  0 $a Student movements $z Europe.
650  0 $a Youth $z Europe $x Political activity.
907    $a .b10016314 $b 2014-09-30 $c 2001-05-15
909 CO $o oai:mills.tind.io:1391 $p GLOBAL_SET
913    $a BIB
945    $b   -  -   $e   -  -   $f 0 $g 1 $i 33086000105932 $j 0 $l bknf  $o - $p $0.00 $q - $r - $s - $t 40 $u 0 $v 0 $w 0 $x 0 $y .i10018451 $z 05-15-01 $h 0 $2 0 $3 0 $k   -  -   $4   -  -  
947 00 $a LTI060707
979    $a Pbook
998    $a bk $b 2001-03-23 $c m $d a $e - $f eng $g nyu $h 0 $i 0
999    $a 8 $b 33086000105932 $c 1 $e Status: on shelf $f 20200612 $g 8 $h Suppress: 0 $j 322.44 S797d 1975 $r TOT_CHECKOUT: 0

