01330cam a2200373 i 4500
001 9952161481901401
005 20220810155820.0
008 790830s1978    cou      b    000 0 eng  
010    $a 78006722
020    $a 089158174X : $c $15.00
035    $a 1411
035    $a (Mills)RLINCMCG11933291-B
035    $a (MillsTIND)3404
040    $d COMC
050 0  $a JC571 $b .H387
082    $a 323.4
092    $a 323.4 $b H513r
100 1  $a Henkin, Louis.
245 14 $a The rights of man today / $c Louis Henkin.
260    $a Boulder, Colo. : $b Westview Press, $c 1978.
300    $a xiv, 173 p. ; $c 24 cm.
490 1  $a The Gottesman lectures
500    $a "Derives from lectures delivered at Yeshiva University as Benjamin Gottesman lectures."
504    $a Includes bibliographical references.
650  0 $a Civil rights.
830  0 $a Gottesman lectures.
907    $a .b10038875 $b 2014-09-30 $c 2001-05-15
909 CO $o oai:mills.tind.io:3404 $p GLOBAL_SET
913    $a BIB
945    $b   -  -   $e   -  -   $f 0 $g 1 $i 33086000114116 $j 0 $l bknf  $o - $p $0.00 $q - $r - $s - $t 40 $u 0 $v 0 $w 0 $x 0 $y .i1004548x $z 05-15-01 $h 0 $2 0 $3 0 $k   -  -   $4   -  -  
947 00 $a LTI060707
979    $a Pbook
998    $a bk $b 2001-03-23 $c m $d a $e - $f eng $g cou $h 4 $i 0
999    $a 8 $b 33086000114116 $c 1 $e Status: on shelf $f 20200612 $g 8 $h Suppress: 0 $j 323.4 H513r $r TOT_CHECKOUT: 0

