01354cam a2200361 i 4500
001 9952161621501401
005 20220810162010.0
008 791001|||||||||cau           ||| | eng  
010    $a 74079771
020    $a 0520027817  $c $25.00
035    $a 1581
035    $a (Mills)RLINCMCG12289230-B
035    $a (MillsTIND)3842
040    $d CU $d CStRLIN
050    $a DA258.R67
082    $a 942.04/4/0924 $a B
092    $a 942.04 $b R823e
100 1  $a Ross, Charles Derek.
245 10 $a Edward IV / $c Charles Ross.
260    $a Berkeley : University of California Press, $c 1974.
300    $a xvi, 479 p., [12] leaves of plates : $b ill. (1 col.) ; $c 25 cm.
500    $a Includes index.
504    $a Bibliography: p. [443]-456.
600 00 $a Edward $b IV, $c King of England, $d 1442-1483.
651  0 $a Great Britain $x Politics and government $y 1461-1483.
907    $a .b10043573 $b 2014-09-30 $c 2001-05-15
909 CO $o oai:mills.tind.io:3842 $p GLOBAL_SET
913    $a BIB
945    $a 942.04 R823e $b   -  -   $e   -  -   $f 0 $g 1 $i 33086000115816 $j 0 $l bknf  $o - $p $0.00 $q - $r - $s - $t 40 $u 0 $v 0 $w 0 $x 0 $y .i10050875 $z 05-15-01 $h 0 $2 0 $3 0 $k   -  -   $4   -  -  
947 00 $a LTI060707
979    $a Pbook
998    $a bk $b 2001-03-23 $c m $d a $e - $f eng $g cau $h 0 $i 0
999    $a 8 $b 33086000115816 $c 1 $e Status: on shelf $f 20200612 $g 8 $h Suppress: 0 $i 942.04 R823e $j 942.04 R823e $r TOT_CHECKOUT: 0

