01208cam a2200349 i 4500
001 9952161671901401
005 20220810162007.0
008 791212s1977    enk      b    000 0 eng  
010    $a 77371841
015    $a GB77-05782
020    $a 0631178201 : $c L.7.50
035    $a 2285
035    $a (Mills)RLINCMCG13267280-B
035    $a (MillsTIND)5505
043    $a e-uk-en
050 0  $a DA682 $b .L68
082    $a 942.1/07
092    $a 942.1 $b L847
245 00 $a London in the Age of Reform / $c edited by John Stevenson.
260    $a Oxford : $b Blackwell, $c 1977.
300    $a 214 p. ; $c 23 cm.
504    $a Bibliography: p. [213]-214.
651  0 $a London (England) $x Politics and government.
700 1  $a Stevenson, John, $d 1946-
907    $a .b10062385 $b 2007-06-12 $c 2001-05-15
909 CO $o oai:mills.tind.io:5505 $p GLOBAL_SET
913    $a BIB
945    $b   -  -   $e   -  -   $f 0 $g 1 $i 33086000122853 $j 0 $l bknf  $o - $p $0.00 $q - $r - $s - $t 40 $u 0 $v 0 $w 0 $x 0 $y .i10072366 $z 05-15-01 $h 0 $2 0 $3 0 $k   -  -   $4   -  -  
947 00 $a LTI060707
979    $a Pbook
998    $a bk $b 2001-03-23 $c m $d a $e - $f eng $g enk $h 0 $i 0
999    $a 8 $b 33086000122853 $c 1 $e Status: on shelf $f 20200612 $g 8 $h Suppress: 0 $j 942.1 L847 $r TOT_CHECKOUT: 0

