01338cam a2200361 i 4500
001 9952162180201401
005 20220810162840.0
008 801003s1979    inu      b    001 0 eng  
010    $a 78062966
020    $a 0268010714 : $c $14.95
035    $a 4864
035    $a (Mills)RLINCMCG18857841-B
035    $a (MillsTIND)13118
043    $a n-us---
050 0  $a JC571 $b .H7687
082    $a 323.4
092    $a 323.4 $b H9184
245 00 $a Human rights and American foreign policy / $c edited by Donald P. Kommers and Gilburt D. Loescher.
260    $a Notre Dame, Ind. : $b University of Notre Dame Press, $c c1979.
300    $a xii, 333 p. ; $c 24 cm.
504    $a Includes bibliographical references and index.
650  0 $a Civil rights.
651  0 $a United States $x Foreign relations $y 1974-1977.
700 1  $a Kommers, Donald P.
700 1  $a Loescher, Gil.
907    $a .b10147871 $b 2007-10-29 $c 2001-05-15
909 CO $o oai:mills.tind.io:13118 $p GLOBAL_SET
913    $a BIB
945    $b   -  -   $e   -  -   $f 0 $g 1 $i 33086000148643 $j 0 $l bknf  $o - $p $0.00 $q - $r - $s - $t 40 $u 0 $v 0 $w 0 $x 0 $y .i10168096 $z 05-15-01 $h 0 $2 0 $3 0 $k   -  -   $4   -  -  
947 00 $a LTI060707
979    $a Pbook
998    $a bk $b 2001-03-23 $c m $d a $e - $f eng $g inu $h 0 $i 0
999    $a 8 $b 33086000148643 $c 1 $e Status: on shelf $f 20200612 $g 8 $h Suppress: 0 $j 323.4 H9184 $r TOT_CHECKOUT: 0

