01354cam a2200349 i 4500
001 9952162263101401
005 20220810162859.0
008 800728s1978    nyua     b    001 0 eng d
010    $a 62021207
020    $a 0060674652
035    $a 4275
035    $a (Mills)RLINCMCG17367166-B
035    $a (MillsTIND)11392
040    $a CU $c CU $d CBGTU
092    $a 201 $b S663m
100 1  $a Smith, Wilfred Cantwell, $d 1916-2000.
245 14 $a The meaning and end of religion / $c Wilfred Cantwell Smith ; foreword by John Hick.
250    $a 1st ed.
260    $a New York : $b Harper & Row, $c 1978.
300    $a xviii, 340 p. : $b ill. ; $c 21 cm.
500    $a Cover title: The meaning and end of religion: a revolutionary approach to the great religious traditions.
504    $a Includes bibliographical references and index.
650  0 $a Religion $x Philosophy.
650  0 $a Religions.
907    $a .b10128918 $b 2007-10-29 $c 2001-05-15
909 CO $o oai:mills.tind.io:11392 $p GLOBAL_SET
913    $a BIB
945    $b   -  -   $e   -  -   $f 0 $g 1 $i 33086000142752 $j 0 $l bknf  $o - $p $0.00 $q - $r - $s - $t 40 $u 0 $v 0 $w 0 $x 0 $y .i10146337 $z 05-15-01 $h 0 $2 0 $3 0 $k   -  -   $4   -  -  
947 00 $a LTI060707
979    $a Pbook
998    $a bk $b 2001-03-23 $c m $d a $e - $f eng $g nyu $h 4 $i 0
999    $a 8 $b 33086000142752 $c 1 $e Status: on shelf $f 20200612 $g 8 $h Suppress: 0 $j 201 S663m $r TOT_CHECKOUT: 0

