01393cam a2200397 i 4500
001 9952162807401401
005 20220810163732.0
008 810203s1969    nju           ||| | eng  
010    $a 69014551
035    $a 6000
035    $a (Mills)RLINCMCG21411247-B
035    $a (MillsTIND)16642
040    $a CSf $d COMC
050    $a P33.U4
082    $a 410/.1
092    $a 410.01 $b U33L
100 1  $a Uitti, Karl D.
245 10 $a Linguistics and literary theory / $c Karl D. Uitti.
260    $a Englewood Cliffs, N.J. : Prentice-Hall, $c 1969.
300    $a xv, 272 p. ; $c 22 cm.
490 1  $a The Princeton studies: humanistic scholarship in America
500    $a $8.95
500    $a Includes index.
504    $a Bibliographical footnotes.
650  0 $a Philosophy.
650  0 $a Linguistics.
650  0 $a Literature $x Philosophy.
830  0 $a Humanistic scholarship in America.
907    $a .b10186748 $b 2007-10-29 $c 2001-05-15
909 CO $o oai:mills.tind.io:16642 $p GLOBAL_SET
913    $a BIB
945    $a 410.01  U33L $b   -  -   $e   -  -   $f 0 $g 1 $i 33086000160010 $j 0 $l bknf  $o - $p $0.00 $q - $r - $s - $t 40 $u 0 $v 0 $w 0 $x 0 $y .i10214318 $z 05-15-01 $h 0 $2 0 $3 0 $k   -  -   $4   -  -  
947 00 $a LTI060707
979    $a Pbook
998    $a bk $b 2001-03-23 $c m $d a $e - $f eng $g nju $h 0 $i 0
999    $a 8 $b 33086000160010 $c 1 $e Status: on shelf $f 20200612 $g 8 $h Suppress: 0 $i 410.01  U33L $j 410.01 U33L $r TOT_CHECKOUT: 0

