01077cam a2200301   4500
001 9952163184801401
005 20220810140329.0
008 770812|||||||||enk           ||| | eng  
035    $a 8267
035    $a (Mills)RLINCMCG4830318-B
035    $a (MillsTIND)23579
040    $c CSt $d COMC
092    $a 410 $b L991n
100 1  $a Lyons, John.
245 10 $a New horizons in linguistics, $c edited by John Lyons.
260    $a [Gloucester] : Peter Smith, $c 1970.
300    $a 366 p.
500    $a "Glossary of technical terms": p. 316-[328]
504    $a Bibliography: p. 329-[358]
650  0 $a Linguistics.
907    $a .b10263470 $b 2007-10-29 $c 2001-05-15
909 CO $o oai:mills.tind.io:23579 $p GLOBAL_SET
913    $a BIB
945    $b   -  -   $e   -  -   $f 0 $g 1 $i 33086000182691 $j 0 $l bknf  $o - $p $0.00 $q - $r - $s - $t 40 $u 0 $v 0 $w 0 $x 0 $y .i10302918 $z 05-15-01 $h 0 $2 0 $3 0 $k   -  -   $4   -  -  
947 00 $a LTI060707
979    $a Pbook
998    $a bk $b 2001-03-23 $c m $d a $e - $f eng $g enk $h 0 $i 0
999    $a 8 $b 33086000182691 $c 1 $e Status: on shelf $f 20200612 $g 8 $h Suppress: 0 $j 410 L991n $r TOT_CHECKOUT: 0

