01200cam a2200313 i 4500
001 9952163524601401
005 20220810140554.0
008 770907s1971    nyu      b    001 0 eng  
010    $a 74135996
035    $a 8405
035    $a (Mills)RLINCMCG4976924-B
035    $a (MillsTIND)24002
092    $a 407 $b L438
245 04 $a The learning of language / $c edited by Carroll E. Reed.
260    $a New York : $b Appleton-Century-Crofts $c [1971]
300    $a xiii,430p.
500    $a "A publication of the National Council of Teachers of English".
504    $a Includes bibliographies.
650  0 $a Language and languages $x Study and teaching.
700 1  $a Reed, Carroll E.
710 2  $a National Council of Teachers of English.
907    $a .b10268145 $b 2007-10-29 $c 2001-05-15
909 CO $o oai:mills.tind.io:24002 $p GLOBAL_SET
913    $a BIB
945    $b   -  -   $e   -  -   $f 0 $g 1 $i 33086000184077 $j 0 $l bknf  $o - $p $0.00 $q - $r - $s - $t 40 $u 0 $v 0 $w 0 $x 0 $y .i10308441 $z 05-15-01 $h 0 $2 0 $3 0 $k   -  -   $4   -  -  
947 00 $a LTI060707
979    $a Pbook
998    $a bk $b 2001-03-23 $c m $d a $e - $f eng $g nyu $h 4 $i 0
999    $a 8 $b 33086000184077 $c 1 $e Status: on shelf $f 20200612 $g 8 $h Suppress: 0 $j 407 L438 $r TOT_CHECKOUT: 0

