01231cam a2200361   4500
001 9952163632201401
005 20220810140612.0
008 771122s1972    ne       b    001 0 eng  
010    $a 73154526
015    $a Ne72-15
020    $c fl28.00
035    $a 8761
035    $a (Mills)RLINCMCG5496918-B
035    $a (MillsTIND)25079
040    $d COMC
050 0  $a P106 $b .H64
082    $a 401/.9
092    $a 401.9 $b H843s
100 1  $a Houston, Susan H. $q (Susan Hilary), $d 1943-
245 12 $a A survey of psycholinguistics. $c [By] Susan H. Houston.
260    $a The Hague, $b Mouton, $c 1972.
300    $a 299 p. $c 23 cm.
440  0 $a Janua linguarum. $p Series minor ; $v 98
504    $a Bibliography: p. [282]-292.
650  0 $a Psycholinguistics.
907    $a .b10280285 $b 2007-10-29 $c 2001-05-15
909 CO $o oai:mills.tind.io:25079 $p GLOBAL_SET
913    $a BIB
945    $b   -  -   $e   -  -   $f 0 $g 1 $i 33086000187641 $j 0 $l bknf  $o - $p $0.00 $q - $r - $s - $t 40 $u 0 $v 0 $w 0 $x 0 $y .i1032219x $z 05-15-01 $h 0 $2 0 $3 0 $k   -  -   $4   -  -  
947 00 $a LTI060707
979    $a Pbook
998    $a bk $b 2001-03-23 $c m $d a $e - $f eng $g ne  $h 2 $i 0
999    $a 8 $b 33086000187641 $c 1 $e Status: on shelf $f 20200612 $g 8 $h Suppress: 0 $j 401.9 H843s $r TOT_CHECKOUT: 0

