01600nam a2200349u  4500
001 9952163853601401
005 20220810142152.0
008 950612s1967    fr       b    001 0 fre u
010    $a 67109668
035    $a 257660
035    $a (Mills)CMCG95-B2265
035    $a (MillsTIND)29651
040    $c OKentU $d NSbSU $d CStRLIN $d COMC
092    $a 445 $b L444s
100 1  $a Le Bidois, G. $q (Georges), $d b. 1863.
245 10 $a Syntaxe du francais moderne : $b ses fondements historiques et psychologiques / $c Georges Le Bidois, Robert Le Bidois.
250    $a 2e ed., revue et completee.
260    $a Paris : $b A. Picard, $c 1967.
300    $a 2 v. ; $c 25 cm.
504    $a Bibliography: v.2, p. [767]-770.
505 0  $a t. 1. Prolegomaenes. Les articles. Les pronoms. Theorie generale du verbe. Les voix. Les temps. Les modes -- t. 2. L'ordre des mots dans la phrase. L'accord. Syntaxe des propositions. Les propositions subordonnees. Les mots-outils. Paragrammaticales.
590    $a LIBRARY HAS: v. 2.
650  0 $a French language $x Syntax.
700 1  $a Le Bidois, Robert.
907    $a .b10332030 $b 2007-10-29 $c 2001-05-15
909 CO $o oai:mills.tind.io:29651 $p GLOBAL_SET
913    $a BIB
945    $b   -  -   $c v.2 $d EUSTIS $e   -  -   $f 0 $g 1 $i 33086003324936 $j 0 $l bknf  $o - $p $0.00 $q - $r - $s - $t 40 $u 0 $v 0 $w 0 $x 0 $y .i10382847 $z 05-15-01 $h 0 $2 0 $3 0 $k   -  -   $4   -  -   $6 GIFT
947 00 $a LTI060707
979    $a Pbook
998    $a bk $b 2001-03-23 $c m $d a $e - $f fre $g fr  $h 0 $i 0
999    $a 8 $b 33086003324936 $c 1 $d v.2 $e Status: on shelf $f 20200612 $g 8 $h Suppress: 0 $j 445 L444s $r TOT_CHECKOUT: 0 $s Donor: EUSTIS| Requestor: GIFT

