01256cam a2200349 i 4500
001 9952164124101401
005 20220810142106.0
008 780808s1977    nyu      b    001 0 eng  
010    $a 77073803
020    $a 0312188900
035    $a 10315
035    $a (Mills)RLINCMCG7591799-B
035    $a (MillsTIND)29980
043    $a e-uk---
050 0  $a DA403 $b .R53 1977b
082    $a 941.06/07/2
092    $a 942.06 $b R521d
100 1  $a Richardson, R. C.
245 14 $a The debate on the English Revolution / $c R. C. Richardson.
260    $a New York : $b St. Martin's Press, $c 1977.
300    $a xi, 195 p. ; $c 23 cm.
500    $a Includes index.
504    $a Bibliography: p. [185]-188.
651  0 $a Great Britain $x History $y Puritan Revolution, 1642-1660 $x Historiography.
907    $a .b10335584 $b 2007-10-30 $c 2001-05-15
909 CO $o oai:mills.tind.io:29980 $p GLOBAL_SET
913    $a BIB
945    $b   -  -   $e   -  -   $f 0 $g 1 $i 33086000203257 $j 0 $l bknf  $o - $p $0.00 $q - $r - $s - $t 40 $u 0 $v 0 $w 0 $x 0 $y .i10386919 $z 05-15-01 $h 0 $2 0 $3 0 $k   -  -   $4   -  -  
947 00 $a LTI060707
979    $a Pbook
998    $a bk $b 2001-03-23 $c m $d a $e - $f eng $g nyu $h 4 $i 0
999    $a 8 $b 33086000203257 $c 1 $e Status: on shelf $f 20200612 $g 8 $h Suppress: 0 $j 942.06 R521d $r TOT_CHECKOUT: 0

