01190nam a2200325 i 4500
001 9952164598801401
005 20220810143100.0
008 820401s1979    nyu      b    001 0 eng d
010    $a 78067169
020    $a 0064970760
035    $a 12467
035    $a (Mills)RLINCMCG82-B875
035    $a (MillsTIND)36878
040    $a CSjCiC $c CSjCiC
092    $a 412 $b U41s
100 1  $a Ullmann, Stephen.
245 10 $a Semantics : $b an introduction to the science of meaning / $c by Stephen Ullmann.
260    $a New York : $b Barnes and Noble, $c 1979.
300    $a [4] 278 p. ; $c 22 cm.
500    $a On cover: A Barnes and Noble paperback.
504    $a Includes bibliographic references and index.
650  0 $a Semantics.
907    $a .b10410478 $b 2007-10-29 $c 2001-05-15
909 CO $o oai:mills.tind.io:36878 $p GLOBAL_SET
913    $a BIB
945    $b   -  -   $e   -  -   $f 0 $g 1 $i 33086000224816 $j 0 $l bknf  $o - $p $0.00 $q - $r - $s - $t 40 $u 0 $v 0 $w 0 $x 0 $y .i1047349x $z 05-15-01 $h 0 $2 0 $3 0 $k   -  -   $4   -  -  
947 00 $a LTI060707
979    $a Pbook
998    $a bk $b 2001-03-23 $c m $d a $e - $f eng $g nyu $h 0 $i 0
999    $a 8 $b 33086000224816 $c 1 $e Status: on shelf $f 20200612 $g 8 $h Suppress: 0 $j 412 U41s $r TOT_CHECKOUT: 0

