01388nam a2200373 i 4500
001 9952166578801401
005 20220810150632.0
008 840222s1978    mauaf         001 0beng  
010    $a 77015058
020    $a 0674349350
035    $a 19402
035    $a (Mills)RLINCMCG84-B584
035    $a (MillsTIND)58575
043    $a e-uk---
050 0  $a DA501.A2 $b H4
082    $a 941.07/1/0924 $a B
092    $a 942.071 $b H366g
100 1  $a Hatton, Ragnhild Marie.
245 10 $a George I, elector and king / $c Ragnhild Hatton.
260    $a Cambridge, Mass. : $b Harvard University Press, $c 1978.
300    $a 416 p., [8] leaves of plates : $b ill. ; $c 24 cm.
500    $a Includes index.
504    $a Bibliography: p. [300]-321.
600 00 $a George $b I, $c King of Great Britain, $d 1660-1727.
651  0 $a Great Britain $x Kings and rulers $v Biography.
651  0 $a Great Britain $x History $y George I, 1714-1727.
907    $a .b10648331 $b 2007-10-30 $c 2001-05-16
909 CO $o oai:mills.tind.io:58575 $p GLOBAL_SET
913    $a BIB
945    $b   -  -   $e   -  -   $f 0 $g 1 $i 33086000294207 $j 0 $l bknf  $o - $p $0.00 $q - $r - $s - $t 40 $u 0 $v 0 $w 0 $x 0 $y .i10785620 $z 05-16-01 $h 0 $2 0 $3 0 $k   -  -   $4   -  -  
947 00 $a LTI060707
979    $a Pbook
998    $a bk $b 2001-03-23 $c m $d a $e - $f eng $g mau $h 0 $i 0
999    $a 8 $b 33086000294207 $c 1 $e Status: on shelf $f 20200612 $g 8 $h Suppress: 0 $j 942.071 H366g $r TOT_CHECKOUT: 0

