01774nam a2200397I  4500
001 9952167460401401
005 20220810152600.0
008 771011s1927    ctuacfh  b    001 0dengm 
010    $a 27018921
035    $a 85218
035    $a (Mills)ocm03333262 
035    $a (MillsTIND)69499
040    $a DLC $c NGU $d m.c. $d m/c $d MIQ
049    $a MIQA
050 0  $a PR2434 $b .O6
092    $a 822 $b B379Xo
100 1  $a Oliphant, Ernest Henry Clark, $d 1862-1936.
245 14 $a The plays of Beaumont and Fletcher; $b an attempt to determine their respective shares and the shares of others, $c by E. H. C. Oliphant.
260    $a New Haven, $b Yale university press; $a London, $b H. Milford, Oxford university press, $c 1927.
300    $a xv p., 1 l., 553 p. $b front., plates, port., facsims. $c 23 cm.
500    $a "The present volume is the sixth work published by the Yale university press on the Oliver Baty Cunningham memorial publication fund."
500    $a "Published under the auspices of the Elizabethan club of Yale university."
504    $a "Bibliographical note": p. [ix]-x.
600 10 $a Beaumont, Francis, $d 1584-1616.
600 10 $a Fletcher, John, $d 1579-1625.
710 2  $a Oliver Baty Cunningham Memorial Publication Fund.
710 2  $a Elizabethan Club (Yale University)
907    $a .b10772248 $b 2007-06-12 $c 2001-05-16
909 CO $o oai:mills.tind.io:69499 $p GLOBAL_SET
910    $a rcp13
913    $a BIB
945    $b   -  -   $e   -  -   $f 0 $g 1 $i 33086000981688 $j 0 $l bknf  $o - $p $0.00 $q - $r - $s - $t 40 $u 0 $v 0 $w 0 $x 0 $y .i10931892 $z 05-16-01 $h 0 $2 0 $3 0 $k   -  -   $4   -  -  
947 00 $a LTI060707
979    $a Pbook
998    $a bk $b 2001-03-23 $c m $d a $e - $f eng $g ctu $h 4 $i 0
999    $a 8 $b 33086000981688 $c 1 $e Status: on shelf $f 20200612 $g 8 $h Suppress: 0 $j 822 B379Xo $r TOT_CHECKOUT: 0

