01097cam a2200313I  4500
001 9952167691501401
005 20220810152645.0
008 720413|1931||||xx            000 0 eng u
010    $a 31007757
035    $a 85242
035    $a (Mills)ocm00283324 
035    $a (MillsTIND)69573
040    $c CWR $d OCL $d MIQ
049    $a MIQA
050    $a PR6003.O47 $b O8 1931
092    $a 822 $b B689o
100 1  $a Bolitho, William, $d 1890-1930.
245 10 $a Overture--1920, $b a play, $c foreword by Gabriel Beer-Hofmann.
260    $a New York, $b Simon and Schuster, $c 1931.
300    $a ix, 136 p. $b front. (port.)
907    $a .b10773022 $b 2007-06-12 $c 2001-05-16
909 CO $o oai:mills.tind.io:69573 $p GLOBAL_SET
910    $a rcp13
913    $a BIB
945    $b   -  -   $e   -  -   $f 0 $g 1 $i 33086000982223 $j 0 $l bknf  $o - $p $0.00 $q - $r - $s - $t 40 $u 0 $v 0 $w 0 $x 0 $y .i1093473x $z 05-16-01 $h 0 $2 0 $3 0 $k   -  -   $4   -  -  
947 00 $a LTI060707
979    $a Pbook
998    $a bk $b 2001-03-23 $c m $d a $e - $f eng $g xx  $h 0 $i 0
999    $a 8 $b 33086000982223 $c 1 $e Status: on shelf $f 20200612 $g 8 $h Suppress: 0 $j 822 B689o $r TOT_CHECKOUT: 0

