01088nam a2200313I  4500
001 9952167700801401
005 20220810152642.0
008 750801|1922||||xx            000 0 eng u
010    $a 22026478
035    $a 85228
035    $a (Mills)ocm01497410 
035    $a (MillsTIND)69527
040    $c JPL $d MIQ
049    $a MIQA
050 0  $a PR6003.E6 $b L6 1922a
092    $a 822 $b B471L
100 1  $a Bennett, Arnold, $d 1867-1931.
245 14 $a The love match; $b a play in five scenes, $c by Arnold Bennett ...
260    $a New York, $b George H. Doran company $c [c1922]
300    $a 117 p. $c 20 cm.
907    $a .b10772534 $b 2007-06-12 $c 2001-05-16
909 CO $o oai:mills.tind.io:69527 $p GLOBAL_SET
910    $a rcp13
913    $a BIB
945    $b   -  -   $e   -  -   $f 0 $g 1 $i 33086000981894 $j 0 $l bknf  $o - $p $0.00 $q - $r - $s - $t 40 $u 0 $v 0 $w 0 $x 0 $y .i10932367 $z 05-16-01 $h 0 $2 0 $3 0 $k   -  -   $4   -  -  
947 00 $a LTI060707
979    $a Pbook
998    $a bk $b 2001-03-23 $c m $d a $e - $f eng $g xx  $h 4 $i 0
999    $a 8 $b 33086000981894 $c 1 $e Status: on shelf $f 20200612 $g 8 $h Suppress: 0 $j 822 B471L $r TOT_CHECKOUT: 0

