01271cam a2200337I  4500
001 9952167721501401
005 20220810152705.0
008 751002s1934    nyu           000 1 engm 
010    $a 34027016
035    $a 85145
035    $a (Mills)ocm01671929 
035    $a (MillsTIND)69270
040    $a DLC $c DZM $d OCL $d m.c. $d OCL $d m/c $d MIQ
049    $a MIQA
050 0  $a PR6001.S5 $b C6 1934
092    $a 822 $b A829c
100 1  $a Dane, Clemence.
245 10 $a Come of age: $b the text of a play in music and words $c by Clemence Dane [pseud.] and Richard Addinsell.
260    $a Garden City, N. Y., $b Doubleday, Doran & company, inc., $c 1934.
300    $a 7 p. l., 3-116 p. $c 20 cm.
600 10 $a Chatterton, Thomas, $d 1752-1770 $v Drama.
700 1  $a Addinsell, Richard, $d 1904-1977.
907    $a .b10769663 $b 2007-06-12 $c 2001-05-16
909 CO $o oai:mills.tind.io:69270 $p GLOBAL_SET
910    $a rcp13
913    $a BIB
945    $b   -  -   $e   -  -   $f 0 $g 1 $i 33086000980920 $j 0 $l bknf  $o - $p $0.00 $q - $r - $s - $t 40 $u 0 $v 0 $w 0 $x 0 $y .i10927992 $z 05-16-01 $h 0 $2 0 $3 0 $k   -  -   $4   -  -  
947 00 $a LTI060707
979    $a Pbook
998    $a bk $b 2001-03-23 $c m $d a $e - $f eng $g nyu $h 0 $i 0
999    $a 8 $b 33086000980920 $c 1 $e Status: on shelf $f 20200612 $g 8 $h Suppress: 0 $j 822 A829c $r TOT_CHECKOUT: 0

