01380cam a2200373I  4500
001 9952167837401401
005 20220810152730.0
008 720721s1922    nyu           000 0 engm 
010    $a 22023092
020    $c $1.00
035    $a 85177
035    $a (Mills)ocm00361526 
035    $a (MillsTIND)69377
040    $a DLC $c WSU $d SER $d m.c. $d MIQ
049    $a MIQA
050 0  $a PR4070 $b .F18 vol. 7
092    $a 822 $b B275d
100 1  $a Barrie, J. M. $q (James Matthew), $d 1860-1937.
245 10 $a Dear Brutus; $b a comedy in three acts.
260    $a New York, $b C. Scribner's Sons, $c 1922.
300    $a 3 p. l., 3-140 p. $c 19 cm.
490 1  $a The Uniform edition of the plays of J. M. Barrie
500    $a At head of title: The plays of J. M. Barrie.
800 1  $a Barrie, J. M. $q (James Matthew), $d 1860-1937. $t Plays.
830  0 $a The Uniform edition of the plays of J. M. Barrie
907    $a .b10770860 $b 2016-12-07 $c 2001-05-16
909 CO $o oai:mills.tind.io:69377 $p GLOBAL_SET
910    $a rcp13
913    $a BIB
945    $b   -  -   $e   -  -   $f 0 $g 1 $i 33086000981274 $j 0 $l bknf  $o - $p $0.00 $q - $r - $s - $t 40 $u 0 $v 0 $w 0 $x 0 $y .i10930024 $z 05-16-01 $h 0 $2 0 $3 0 $k   -  -   $4   -  -  
947 00 $a LTI060707
979    $a Pbook
998    $a bk $b 2001-03-23 $c m $d a $e - $f eng $g nyu $h 0 $i 0
999    $a 8 $b 33086000981274 $c 1 $e Status: on shelf $f 20200612 $g 8 $h Suppress: 0 $j 822 B275d $r TOT_CHECKOUT: 0

