01095nam a2200289   4500
001 9952168871201401
005 20220810141540.0
008 860312s1966    nyu      b    000 0 eng  
010    $a 66024055
035    $a 27675
035    $a (Mills)RLINCMCG86-B978
035    $a (MillsTIND)82291
092    $a 407 $b C816f
100 1  $a Cornfield, Ruth R.
245 10 $a Foreign language instruction; $b dimensions and horizons $c [by] Ruth R. Cornfield.
260    $a New York, $b Appleton-Century-Crofts $c [1966]
300    $a viii, 183 p. $c 22 cm.
504    $a Includes bibliographies.
650  0 $a Languages, Modern $x Study and teaching.
907    $a .b1090928x $b 2007-10-29 $c 2001-05-16
909 CO $o oai:mills.tind.io:82291 $p GLOBAL_SET
913    $a BIB
945    $b   -  -   $e   -  -   $f 0 $g 1 $i 33086000377077 $j 0 $l bknf  $o - $p $0.00 $q - $r - $s - $t 40 $u 0 $v 0 $w 0 $x 0 $y .i11108721 $z 05-16-01 $h 0 $2 0 $3 0 $k   -  -   $4   -  -  
947 00 $a LTI060707
979    $a Pbook
998    $a bk $b 2001-03-23 $c m $d a $e - $f eng $g nyu $h 0 $i 0
999    $a 8 $b 33086000377077 $c 1 $e Status: on shelf $f 20200612 $g 8 $h Suppress: 0 $j 407 C816f $r TOT_CHECKOUT: 0

