01438nam a2200373   4500
001 9952168967501401
005 20220810142238.0
008 860331s1944    nyuafh   b    000 0 eng  
010    $a 44040079
035    $a 28035
035    $a (Mills)RLINCMCG86-B1341
035    $a (MillsTIND)83307
040    $a DLC $c ODaWU $d *OCL* $d NBiSU $d CStRLIN $d PPT
050 0  $a P121 $b .B6 1944
082    $a 400
092    $a 400 $b B668L
100 1  $a Bodmer, Frederick.
245 14 $a The loom of language, $c by Frederick Bodmer.
250    $a 1st ed.
260    $a New York, $b Norton $c [1944]
300    $a x, 692 p. $b front., illus., diagrs. plates, 2 facsims. on 1 . $c 22 cm.
500    $a At head of title: Lancelot Hogben, editor.
504    $a "Further reading" at end of most of the chapters.
650  0 $a Language and languages.
650  0 $a Language and languages $v Glossaries, vocabularies, etc.
700 1  $a Hogben, Lancelot Thomas, $d 1895-1975.
907    $a .b10920183 $b 2007-10-29 $c 2001-05-16
909 CO $o oai:mills.tind.io:83307 $p GLOBAL_SET
913    $a BIB
945    $a 400  B668L $b   -  -   $e   -  -   $f 0 $g 1 $i 33086000380675 $j 0 $l bknf  $o - $p $0.00 $q - $r - $s - $t 40 $u 0 $v 0 $w 0 $x 0 $y .i11121506 $z 05-16-01 $h 0 $2 0 $3 0 $k   -  -   $4   -  -  
947 00 $a LTI060707
979    $a Pbook
998    $a bk $b 2001-03-23 $c m $d a $e - $f eng $g nyu $h 4 $i 0
999    $a 8 $b 33086000380675 $c 1 $e Status: on shelf $f 20200612 $g 8 $h Suppress: 0 $i 400  B668L $j 400 B668L $r TOT_CHECKOUT: 0

