01440nam a2200421   4500
001 9952169033901401
005 20220810142303.0
008 860331s1973    ne       b    001 0 eng  
010    $a 74170438//r83
015    $a Ne***
035    $a 28028
035    $a (Mills)RLINCMCG86-B1334
035    $a (MillsTIND)83286
040    $d COMC
041 1  $a engpol
050 0  $a P321 $b .D613
082    $a 410
092    $a 410 $b D715e
100 1  $a Doroszewski, Witold.
240 00 $a Elementy leksykologii i semiotyki. $l English
245 10 $a Elements of lexicology and semiotics. $c [Translated by Iain Taylor]
260    $a The Hague, $b Mouton, $c 1973.
300    $a 314 p. $c 25 cm.
490 1  $a Approaches to semiotics ; $v 46
500    $a Translation of Elementy leksykologii i semiotyki.
504    $a Includes bibliographical references.
650  0 $a Lexicology.
650  0 $a Semiotics.
650  0 $a Semantics.
830  0 $a Approaches to semiotics ; $v 46.
907    $a .b10919971 $b 2014-06-04 $c 2001-05-16
909 CO $o oai:mills.tind.io:83286 $p GLOBAL_SET
913    $a BIB
945    $b   -  -   $e   -  -   $f 0 $g 1 $i 33086000380600 $j 0 $l bknf  $o - $p $0.00 $q - $r - $s - $t 40 $u 0 $v 0 $w 0 $x 0 $y .i11121294 $z 05-16-01 $h 0 $2 0 $3 0 $k   -  -   $4   -  -  
947 00 $a LTI060707
979    $a Pbook
998    $a bk $b 2001-03-23 $c m $d a $e - $f eng $g ne  $h 0 $i 0
999    $a 8 $b 33086000380600 $c 1 $e Status: on shelf $f 20200612 $g 8 $h Suppress: 0 $j 410 D715e $r TOT_CHECKOUT: 0

