01128nam a2200301 i 4500
001 9952169058701401
005 20220810142259.0
008 860421s1951    nyu           001 0 eng d
010    $a 51005593
035    $a 28529
035    $a (Mills)RLINCMCG86-B1840
035    $a (MillsTIND)84743
040    $d COMC
092    $a 420.973 $b P275b
100 1  $a Partridge, Eric, $d 1894-1979.
245 10 $a British and American English since 1900 / $c by Eric Partridge and John W. Clark.
260    $a New York : $b Philosophical Library, $c 1951.
300    $a x, 341 p. ; $c 22 cm.
650  0 $a English language $x History.
700 1  $a Clark, John W. $q (John Williams)
907    $a .b1093554x $b 2007-10-29 $c 2001-05-16
909 CO $o oai:mills.tind.io:84743 $p GLOBAL_SET
913    $a BIB
945    $b   -  -   $e   -  -   $f 0 $g 1 $i 33086001764844 $j 0 $l bknf  $o - $p $0.00 $q - $r - $s - $t 40 $u 0 $v 0 $w 0 $x 0 $y .i11140458 $z 05-16-01 $h 0 $2 0 $3 0 $k   -  -   $4   -  -  
947 00 $a LTI060707
979    $a Pbook
998    $a bk $b 2001-03-23 $c m $d a $e - $f eng $g nyu $h 0 $i 0
999    $a 8 $b 33086001764844 $c 1 $e Status: on shelf $f 20200612 $g 8 $h Suppress: 0 $j 420.973 P275b $r TOT_CHECKOUT: 0

