01410nam a2200337   4500
001 9952169089201401
005 20220810142302.0
008 860327s1961    txu           000 0 eng  
010    $a 61015827
035    $a 27989
035    $a (Mills)RLINCMCG86-B1295
035    $a (MillsTIND)83174
040    $d PPT
050 0  $a PN241 $b .A74
092    $a 410.28 $b A779c
100 1  $a Arrowsmith, William, $d 1924-
245 14 $a The craft & context of translation, $b a symposium. $c Edited by William Arrowsmith and Roger Shattuck.
260    $a Austin, $b Published by University of Texas Press for Humanities Research Center, $c [1961]
300    $a 206 p. $c 24 cm.
500    $a "The first ten essays...were delivered at a Symposium on Translation held at the University of Texas in November, 1959."
650  0 $a Translating and interpreting.
700 1  $a Shattuck, Roger.
711 2  $a Symposium on Translation $d (1959 : $c University of Texas)
907    $a .b10918796 $b 2007-10-29 $c 2001-05-16
909 CO $o oai:mills.tind.io:83174 $p GLOBAL_SET
913    $a BIB
945    $b   -  -   $e   -  -   $f 0 $g 1 $i 33086000380212 $j 0 $l bknf  $o - $p $0.00 $q - $r - $s - $t 40 $u 0 $v 0 $w 0 $x 0 $y .i11119780 $z 05-16-01 $h 0 $2 0 $3 0 $k   -  -   $4   -  -  
947 00 $a LTI060707
979    $a Pbook
998    $a bk $b 2001-03-23 $c m $d a $e - $f eng $g txu $h 4 $i 0
999    $a 8 $b 33086000380212 $c 1 $e Status: on shelf $f 20200612 $g 8 $h Suppress: 0 $j 410.28 A779c $r TOT_CHECKOUT: 0

