01432nam a2200373   4500
001 9952169089401401
005 20220810142255.0
008 860327s1974    nyu      b    001 0 eng  
010    $a 73006088/MN/r76
020    $a 0444001360
035    $a 27988
035    $a (Mills)RLINCMCG86-B1294
035    $a (MillsTIND)83172
050 0  $a PC61 $b .H3
082    $a 440
092    $a 440 $b H178e
100 1  $a Hall, Robert Anderson, $d 1911-
245 10 $a External history of the Romance languages $c [by] Robert A. Hall, Jr.
260    $a New York, $b American Elsevier Pub. Co. $c [1974]
300    $a xiii, 344 p. $c 24 cm.
490 1  $a Foundations of linguistics series
490 1  $a His Comparative Romance grammar, [1]
504    $a Bibliography: p. 249-329.
650  0 $a Romance languages $x Grammar, Comparative.
800 1  $a Hall, Robert Anderson, $d 1911- $t Comparative romance grammar ; $v 1.
830  0 $a Foundations of linguistics.
907    $a .b10918772 $b 2007-10-29 $c 2001-05-16
909 CO $o oai:mills.tind.io:83172 $p GLOBAL_SET
913    $a BIB
945    $b   -  -   $e   -  -   $f 0 $g 1 $i 33086000380204 $j 0 $l bknf  $o - $p $0.00 $q - $r - $s - $t 40 $u 1 $v 3 $w 0 $x 1 $y .i11119767 $z 05-16-01 $h 0 $2 0 $3 0 $k 11-10-2018 16:02 $4 02-22-19
947 00 $a LTI060707
979    $a Pbook
998    $a bk $b 2001-03-23 $c m $d a $e - $f eng $g nyu $h 0 $i 0
999    $a 8 $b 33086000380204 $c 1 $e Status: on shelf $f 20200612 $g 8 $h Suppress: 0 $j 440 H178e $r TOT_CHECKOUT: 1 $s LCD: 02-22-19

