01289nam a22003251  4500
001 9952169090001401
005 20220810142300.0
008 860327s1957    miua     b    000 0 eng  
010    $a 57009135/L/r85
035    $a 27986
035    $a (Mills)RLINCMCG86-B1292
035    $a (MillsTIND)83166
050 0  $a P53 $b .L3
082    $a 407
092    $a 407 $b L156L
100 1  $a Lado, Robert, $d 1915-
245 10 $a Linguistics across cultures; $b applied linguistics for language teachers. $c With a foreword by Charles C. Fries.
260    $a Ann Arbor, $b University of Michigan Press $c [1957]
300    $a 141 p. $b illus. $c 23 cm.
504    $a Includes bibliographies.
650  0 $a Language and languages $x Study and teaching.
650  0 $a English language $x Study and teaching $x Foreign speakers.
907    $a .b10918711 $b 2007-10-29 $c 2001-05-16
909 CO $o oai:mills.tind.io:83166 $p GLOBAL_SET
913    $a BIB
945    $a 407  L156L $b   -  -   $e   -  -   $f 0 $g 1 $i 33086000380188 $j 0 $l bknf  $o - $p $0.00 $q - $r - $s - $t 40 $u 0 $v 0 $w 0 $x 0 $y .i11119706 $z 05-16-01 $h 0 $2 0 $3 0 $k   -  -   $4   -  -  
947 00 $a LTI060707
979    $a Pbook
998    $a bk $b 2001-03-23 $c m $d a $e - $f eng $g miu $h 0 $i 0
999    $a 8 $b 33086000380188 $c 1 $e Status: on shelf $f 20200612 $g 8 $h Suppress: 0 $i 407  L156L $j 407 L156L $r TOT_CHECKOUT: 0

