01153nam a2200337   4500
001 9952169294301401
005 20220810142402.0
008 860417s1959    ilu      b    001 0 eng  
010    $a 59010796
035    $a 28456
035    $a (Mills)RLINCMCG86-B1767
035    $a (MillsTIND)84537
040    $c NhD
050 0  $a PE1111 $b .S487
082    $a 425
092    $a 425 $b S632s
100 1  $a Sledd, James Hinton, $d 1914-
245 12 $a A short introduction to English grammar.
260    $a Chicago, $b Scott, Foresman $c [1959]
300    $a 346 p. $c 22 cm.
504    $a Includes bibliographies.
650  0 $a English language $x Grammar.
650  0 $a English language $x Rhetoric.
907    $a .b10933281 $b 2007-10-29 $c 2001-05-16
909 CO $o oai:mills.tind.io:84537 $p GLOBAL_SET
913    $a BIB
945    $b   -  -   $e   -  -   $f 0 $g 1 $i 33086000384883 $j 0 $l bknf  $o - $p $0.00 $q - $r - $s - $t 40 $u 0 $v 0 $w 0 $x 0 $y .i11137447 $z 05-16-01 $h 0 $2 0 $3 0 $k   -  -   $4   -  -  
947 00 $a LTI060707
979    $a Pbook
998    $a bk $b 2001-03-23 $c m $d a $e - $f eng $g ilu $h 2 $i 0
999    $a 8 $b 33086000384883 $c 1 $e Status: on shelf $f 20200612 $g 8 $h Suppress: 0 $j 425 S632s $r TOT_CHECKOUT: 0

