01491nam a2200349|i 4500
001 9952169335201401
005 20220810142402.0
008 860414s1940    ilu      d    001 0 eng d
010    $a 40031225
035    $a 28364
035    $a (Mills)RLINCMCG86-B1673
035    $a (MillsTIND)84273
040    $a COMC $c COMC
041 0  $a engfregerspa
092    $a 413 $b E14s
100 1  $a Eaton, Helen S. $q (Helen Slocomb), $d b. 1887.
245 10 $a Semantic frequency list for English, French, German, and Spanish : $b a correlation of the first six thousand words in four single-language frequency lists / $c compiled by Helen S. Eaton.
260    $a Chicago : $b University of Chicago Press, $c c1940.
300    $a xxi, 440 p. ; $c 27 cm.
500    $a Issued by the Committee on Modern Languages of the American Council on Education.
650  0 $a Language and languages $x Word frequency.
650  0 $a Semantics, Comparative.
650  0 $a Vocabulary.
710 2  $a American Council on Education. $b Committee on Modern Languages.
907    $a .b10930486 $b 2007-10-29 $c 2001-05-16
909 CO $o oai:mills.tind.io:84273 $p GLOBAL_SET
913    $a BIB
945    $b   -  -   $e   -  -   $f 0 $g 1 $i 33086000383968 $j 0 $l bknf  $o - $p $0.00 $q - $r - $s - $t 40 $u 0 $v 0 $w 0 $x 0 $y .i11133971 $z 05-16-01 $h 0 $2 0 $3 0 $k   -  -   $4   -  -  
947 00 $a LTI060707
979    $a Pbook
998    $a bk $b 2001-03-23 $c m $d a $e - $f eng $g ilu $h 0 $i 0
999    $a 8 $b 33086000383968 $c 1 $e Status: on shelf $f 20200612 $g 8 $h Suppress: 0 $j 413 E14s $r TOT_CHECKOUT: 0

