01823nam a2200385   4500
001 9952169503001401
005 20220810143203.0
008 891013m19131929enk           000 0 eng  
010    $a 13001437
035    $a 98169
035    $a (Mills)RLINCMCG89-B5925
035    $a (MillsTIND)106852
040    $c MiU $d MiU
050 0  $a DA560 $b .G8
092    $a 942.08 $b G835m
100 1  $a Gretton, R. H. $q (Richard Henry), $d b. 1874.
245 12 $a A modern history of the English people, $c by R. H. Gretton.
260    $a London, $b G. Richards ltd., $c 1913-[29]
300    $a 3 v. $c 21 cm.
500    $a Vol. 3 has imprint: London, M. Secker [1929]
500    $a Vol. 1, "Second edition."
505    $a I. 1880-1898.--II. 1899-1910.--[III] 1910-1922.
651  0 $a Great Britain $x History.
907    $a .b11174377 $b 2007-10-30 $c 2001-05-16
909 CO $o oai:mills.tind.io:106852 $p GLOBAL_SET
913    $a BIB
945    $b   -  -   $c v. 1 $e   -  -   $f 0 $g 1 $i 33086002133544 $j 0 $l bknf  $o - $p $0.00 $q - $r - $s - $t 40 $u 0 $v 0 $w 0 $x 0 $y .i11431982 $z 05-16-01 $h 0 $2 0 $3 0 $k   -  -   $4   -  -  
945    $b   -  -   $c v. 2 $e   -  -   $f 0 $g 1 $i 33086001695048 $j 0 $l bknf  $o - $p $0.00 $q - $r - $s - $t 40 $u 0 $v 0 $w 0 $x 0 $y .i11431994 $z 05-16-01 $h 0 $2 0 $3 0 $k   -  -   $4   -  -  
945    $b   -  -   $c v. 3 $e   -  -   $f 0 $g 1 $i 33086001695568 $j 0 $l bknf  $o - $p $0.00 $q - $r - $s - $t 40 $u 0 $v 0 $w 0 $x 0 $y .i11432007 $z 05-16-01 $h 0 $2 0 $3 0 $k   -  -   $4   -  -  
947 00 $a LTI060707
979    $a Pbook
998    $a bk $b 2001-03-23 $c m $d a $e - $f eng $g enk $h 2 $i 0
999    $a 8 $b 33086002133544 $c 1 $d v. 1 $e Status: on shelf $f 20200612 $g 8 $h Suppress: 0 $j 942.08 G835m $r TOT_CHECKOUT: 0
999    $a 8 $b 33086001695048 $c 1 $d v. 2 $e Status: on shelf $f 20200612 $g 8 $h Suppress: 0 $j 942.08 G835m $r TOT_CHECKOUT: 0
999    $a 8 $b 33086001695568 $c 1 $d v. 3 $e Status: on shelf $f 20200612 $g 8 $h Suppress: 0 $j 942.08 G835m $r TOT_CHECKOUT: 0

