01195nam a2200337 i 4500
001 9952169561501401
005 20220810143219.0
008 911114s1958    enk      b    000 0 eng  
010    $a 58003680
035    $a 160826
035    $a (Mills)RLINCMCG91-B3540
035    $a (MillsTIND)109316
040    $c CtY
050 0  $a HF2044 $b .M14
082    $a 942.081
092    $a 942.081 $b M131a 1958
100 1  $a McCord, Norman.
245 14 $a The Anti-Corn Law League, 1838-1846/ $c Norman McCord
260    $a London, $b Allen & Unwin, $c [1958]
300    $a 226 p. ; $c 23 cm.
610 20 $a Anti-Corn-Law League.
650  0 $a Corn laws (Great Britain)
651  0 $a Great Britain $x Politics and government $y 1837-1901.
907    $a .b11200194 $b 2007-10-30 $c 2001-05-16
909 CO $o oai:mills.tind.io:109316 $p GLOBAL_SET
913    $a BIB
945    $b   -  -   $e   -  -   $f 0 $g 1 $i 33086001858679 $j 0 $l bknf  $o - $p $0.00 $q - $r - $s - $t 40 $u 0 $v 0 $w 0 $x 0 $y .i11464562 $z 05-16-01 $h 0 $2 0 $3 0 $k   -  -   $4   -  -  
947 00 $a LTI060707
979    $a Pbook
998    $a bk $b 2001-03-23 $c m $d a $e - $f eng $g enk $h 4 $i 0
999    $a 8 $b 33086001858679 $c 1 $e Status: on shelf $f 20200612 $g 8 $h Suppress: 0 $j 942.081 M131a 1958 $r TOT_CHECKOUT: 0

