01438nam a2200373Ii 4500
001 9952170839001401
005 20220810145010.0
008 800118t19791963dcuach   b    000 0 eng d
010    $a 79065984
020    $a 0918016118
020    $a 0918016185 (series)
035    $a 289622
035    $a (Mills)ocm05883659 
035    $a (MillsTIND)121244
040    $a XBM $c XBM $d MIQ
049    $a MIQA
092    $a 942.055 $b M444i 1979
100 1  $a Mattingly, Garrett, $d 1900-1962.
245 15 $a The "invincible" Armada and Elizabethan England / $c by Garrett Mattingly.
260    $a [Washington] : $b Folger Shakespeare Library, $c 1979, c1963.
300    $a 52 p. : $b ill., facsims., ports. ; $c 22 cm.
440  0 $a Folger guides to the age of Shakespeare
440  0 $a Folger books
504    $a Bibliography: p. 51-52.
650  0 $a Armada, 1588.
651  0 $a Great Britain $x History $y Elizabeth, 1558-1603.
907    $a .b11327522 $b 2007-06-12 $c 2001-05-17
909 CO $o oai:mills.tind.io:121244 $p GLOBAL_SET
913    $a BIB
945    $b   -  -   $d O'BRIEN $e   -  -   $f 0 $g 1 $i 33086003949880 $j 0 $l bknf  $o - $p $0.00 $q - $r - $s - $t 40 $u 0 $v 0 $w 0 $x 0 $y .i11625569 $z 05-17-01 $h 0 $2 0 $3 0 $k   -  -   $4   -  -   $6 GIFT
947 00 $a LTI060707
979    $a Pbook
998    $a bk $b 2001-03-23 $c m $d a $e - $f eng $g dcu $h 5 $i 0
999    $a 8 $b 33086003949880 $c 1 $e Status: on shelf $f 20200612 $g 8 $h Suppress: 0 $j 942.055 M444i 1979 $r TOT_CHECKOUT: 0 $s Donor: O'BRIEN| Requestor: GIFT

