01407cam a2200385 i 4500
001 9952171083901401
005 20220810145904.0
008 790124s1977    nyua     b    001 0 eng  
010    $a 77005429
020    $a 0804413916 : $c $12.00.
020    $a 0804462720 (pbk.) : $c $3.95
035    $a 43927
035    $a (Mills)RLINCMCG9447121-B
035    $a (MillsTIND)125498
040    $d CStRLIN
043    $a e-gx---
050 0  $a DD176 $b .R44
082    $a 943/.02
092    $a 943.02 $b R393
245 04 $a The Renaissance and Reformation in Germany : $b an introduction / $c edited by Gerhart Hoffmeister.
260    $a New York : $b F. Ungar Pub. Co., $c c1977.
300    $a x, 230 p. : $b ill. ; $c 22 cm.
504    $a Includes bibliographies and index.
650  0 $a Reformation $z Germany.
650  0 $a Renaissance $z Germany.
651  0 $a Germany $x Intellectual life.
700 1  $a Hoffmeister, Gerhart.
907    $a .b11372837 $b 2007-10-11 $c 2001-05-17
909 CO $o oai:mills.tind.io:125498 $p GLOBAL_SET
913    $a BIB
945    $a 943.02 R393 $b   -  -   $e   -  -   $f 0 $g 1 $i 33086000540443 $j 0 $l bknf  $o - $p $0.00 $q - $r - $s - $t 40 $u 0 $v 0 $w 0 $x 0 $y .i11680593 $z 05-17-01 $h 0 $2 0 $3 0 $k   -  -   $4   -  -  
947 00 $a LTI060707
979    $a Pbook
998    $a bk $b 2001-03-23 $c m $d a $e - $f eng $g nyu $h 4 $i 0
999    $a 8 $b 33086000540443 $c 1 $e Status: on shelf $f 20200612 $g 8 $h Suppress: 0 $i 943.02 R393 $j 943.02 R393 $r TOT_CHECKOUT: 0

