01166nam a2200325   4500
001 9952171532401401
005 20220810150001.0
008 860605s1931    nyu           000 0 eng d
035    $a 29392
035    $a (Mills)RLINCMCG86-B2709
035    $a (MillsTIND)87248
040    $a NBiSU $c NBiSU $d COMC
092    $a 423.1 $b J658n
100 1  $a Johnson, Burges, $d 1877-1963.
245 10 $a New rhyming dictionary and poets' handbook.
250    $a [1st ed.]
260    $a New York, $b Harper, $c 1931.
300    $a x, 455 p. $c 23 cm.
500    $a "Acknowledgments": p.v-vi.
650  0 $a English language $x Rhyme $v Dictionaries.
650  0 $a English language $x Versification.
650  0 $a Poetics.
907    $a .b10963200 $b 2007-10-29 $c 2001-05-16
909 CO $o oai:mills.tind.io:87248 $p GLOBAL_SET
913    $a BIB
945    $b   -  -   $e   -  -   $f 0 $g 1 $i 33086000394247 $j 0 $l bknf  $o - $p $0.00 $q - $r - $s - $t 40 $u 0 $v 0 $w 0 $x 0 $y .i11174675 $z 05-16-01 $h 0 $2 0 $3 0 $k   -  -   $4   -  -  
947 00 $a LTI060707
979    $a Pbook
998    $a bk $b 2001-03-23 $c m $d a $e - $f eng $g nyu $h 0 $i 0
999    $a 8 $b 33086000394247 $c 1 $e Status: on shelf $f 20200612 $g 8 $h Suppress: 0 $j 423.1 J658n $r TOT_CHECKOUT: 0

