01353nam a2200325   4500
001 9952171804901401
005 20220810150858.0
008 860818s1927    enka     b    001 0 eng  
010    $a 28009856
035    $a 30235
035    $a (Mills)RLINCMCG86-B3557
035    $a (MillsTIND)89684
040    $c CBGTU $d CBGTU
092    $a 471.7 $b S222L
100 1  $a Sandys, John Edwin, $c Sir, $d 1844-1922.
245 10 $a Latin epigraphy; $b an introduction to the study of Latin inscriptions, $c by Sir John Edwin Sandys.
250    $a 2d ed., rev., by S. G. Campbell ... with fifty illustrations.
260    $a Cambridge [Eng.] $b The University Press, $c 1927.
300    $a xxiii, [1], 324 p. $b incl. front., ill. $c 20 cm.
500    $a Includes index.
504    $a "Select bibliography": p. [xviii]-xxiii.
650  0 $a Inscriptions, Latin.
700 1  $a Campbell, Sidney George, $d 1875-
907    $a .b10989808 $b 2007-10-29 $c 2001-05-16
909 CO $o oai:mills.tind.io:89684 $p GLOBAL_SET
913    $a BIB
945    $a 471.7  S222L $b   -  -   $e   -  -   $f 0 $g 1 $i 33086000402677 $j 0 $l bknf  $o - $p $0.00 $q - $r - $s - $t 40 $u 0 $v 0 $w 0 $x 0 $y .i11204515 $z 05-16-01 $h 0 $2 0 $3 0 $k   -  -   $4   -  -  
979    $a Pbook
998    $a bk $b 2001-03-23 $c m $d a $e - $f eng $g enk $h 0 $i 1
999    $a 8 $b 33086000402677 $c 1 $e Status: on shelf $f 20200612 $g 8 $h Suppress: 0 $i 471.7  S222L $j 471.7 S222L $r TOT_CHECKOUT: 0

