01298nam a22003371  4500
001 9952171875501401
005 20220810150924.0
008 860825s1933    ilua     b    000 0 eng  
010    $a 33011254
035    $a 30348
035    $a (Mills)RLINCMCG86-B3670
035    $a (MillsTIND)90060
040    $d COMC
043    $a e-gr---
050 0  $a PA111 $b .B8
082    $a 485
092    $a 485 $b B922c
100 1  $a Buck, Carl Darling, $d 1866-1955.
245 10 $a Comparative grammar of Greek and Latin, $c by Carl Darling Buck ...
260    $a Chicago, Ill., $b The University of Chicago press $c [c1933]
300    $a xvi, 405 p. $b diagrs. $c 23 cm.
504    $a "Selected bibliography": p. 364-367; "Notes and references": p. 367-372.
650  0 $a Greek language $x Grammar, Comparative $x Latin.
650  0 $a Latin language $x Grammar, Comparative $x Greek.
907    $a .b10993800 $b 2007-10-29 $c 2001-05-16
909 CO $o oai:mills.tind.io:90060 $p GLOBAL_SET
913    $a BIB
945    $b   -  -   $e   -  -   $f 0 $g 1 $i 33086000403808 $j 0 $l bknf  $o - $p $0.00 $q - $r - $s - $t 40 $u 0 $v 0 $w 0 $x 0 $y .i11208685 $z 05-16-01 $h 0 $2 0 $3 0 $k   -  -   $4   -  -  
979    $a Pbook
998    $a bk $b 2001-03-23 $c m $d a $e - $f eng $g ilu $h 0 $i 1
999    $a 8 $b 33086000403808 $c 1 $e Status: on shelf $f 20200612 $g 8 $h Suppress: 0 $j 485 B922c $r TOT_CHECKOUT: 0

