01194nam a2200325   4500
001 9952171951101401
005 20220810150919.0
008 860718c19691947nyua     b    001 0 eng  
010    $a 73090482
020    $z 0837122635
035    $a 29954
035    $a (Mills)RLINCMCG86-B3274
035    $a (MillsTIND)88878
050 0  $a PL1735 $b .C5 1969
082    $a 495.1/7
092    $a 495.17 $b C461c
100 1  $a Chao, Yuen Ren, $d 1892-
245 10 $a Cantonese primer.
260    $a New York, $b Greenwood Press $c [1969, c1947]
300    $a vii, 242 p. $b illus. $c 23 cm.
500    $a Based on a twelve-week summer course in Cantonese given at Harvard University in 1942.
504    $a Bibliographical footnotes.
650  0 $a Cantonese dialects.
907    $a .b10980891 $b 2007-10-29 $c 2001-05-16
909 CO $o oai:mills.tind.io:88878 $p GLOBAL_SET
913    $a BIB
945    $b   -  -   $e   -  -   $f 0 $g 1 $i 33086000399865 $j 0 $l bknf  $o - $p $0.00 $q - $r - $s - $t 40 $u 0 $v 0 $w 0 $x 0 $y .i11194467 $z 05-16-01 $h 0 $2 0 $3 0 $k   -  -   $4   -  -  
979    $a Pbook
998    $a bk $b 2001-03-23 $c m $d a $e - $f eng $g nyu $h 0 $i 1
999    $a 8 $b 33086000399865 $c 1 $e Status: on shelf $f 20200612 $g 8 $h Suppress: 0 $j 495.17 C461c $r TOT_CHECKOUT: 0

