01367cam a2200373I  4500
001 9952174159201401
005 20220810164543.0
008 750528s1958    mau      b    000 0 eng u
010    $a 58008996
035    $a 112966
035    $a (Mills)ocm01358217 
035    $a (MillsTIND)139145
040    $c CSU $d OCL $d m/c $d MIQ
049    $a MIQA
050    $a DA690.E9 $b M23
082    $a 942.35
092    $a 942.35 $b M121e
100 1  $a MacCaffrey, Wallace T.
245 10 $a Exeter, 1540-1640; $b the growth of an English county town.
260    $a Cambridge, $b Harvard University Press, $c 1958.
300    $a 311p. $b maps(part fold.col.) $c 21cm.
490 1  $a Harvard historical monographs ; $v 35
504    $a "Bibliographical essay": p.[289]-294.  Bibliography: p.[295]-299.
651  0 $a Exeter (England) $x History.
830  0 $a Harvard historical monographs ; $v v. 35.
907    $a .b11525940 $b 2007-06-13 $c 2001-05-17
909 CO $o oai:mills.tind.io:139145 $p GLOBAL_SET
910    $a rcp20
913    $a BIB
945    $b   -  -   $e   -  -   $f 0 $g 1 $i 33086002231066 $j 0 $l bknf  $o - $p $0.00 $q - $r - $s - $t 40 $u 0 $v 0 $w 0 $x 0 $y .i12037898 $z 05-17-01 $h 0 $2 0 $3 0 $k   -  -   $4   -  -  
947 00 $a LTI060707
979    $a Pbook
998    $a bk $b 2001-03-23 $c m $d a $e - $f eng $g mau $h 0 $i 0
999    $a 8 $b 33086002231066 $c 1 $e Status: on shelf $f 20200612 $g 8 $h Suppress: 0 $j 942.35 M121e $r TOT_CHECKOUT: 0

