01241cam a2200337I  4500
001 9952174161501401
005 20220810164542.0
008 800716s1927    enkaefh       000 0 engm 
010    $a 28002135
035    $a 112943
035    $a (Mills)ocm06520200 
035    $a (MillsTIND)139108
040    $a DLC $c CLE $d CHS $d m/c $d MIQ
049    $a MIQA
050    $a RC178.G7 $b L9
092    $a 942.1 $b W748p
100 1  $a Wilson, F. P. $q (Frank Percy), $d 1889-1963.
245 14 $a The plague in Shakespeare's London, $c by F. P. Wilson.
260    $a Oxford, $b The Clarendon press, $c 1927.
300    $a xi, [1], 228 p. $b front., plates, plan, facsims. $c 23 cm.
650  0 $a Plague $z England $z London.
651  0 $a London (England) $x Social life and customs.
907    $a .b1152554x $b 2007-06-13 $c 2001-05-17
909 CO $o oai:mills.tind.io:139108 $p GLOBAL_SET
910    $a rcp20
913    $a BIB
945    $b   -  -   $e   -  -   $f 0 $g 1 $i 33086002230837 $j 0 $l bknf  $o - $p $0.00 $q - $r - $s - $t 40 $u 0 $v 0 $w 0 $x 0 $y .i12037448 $z 05-17-01 $h 0 $2 0 $3 0 $k   -  -   $4   -  -  
947 00 $a LTI060707
979    $a Pbook
998    $a bk $b 2001-03-23 $c m $d a $e - $f eng $g enk $h 4 $i 0
999    $a 8 $b 33086002230837 $c 1 $e Status: on shelf $f 20200612 $g 8 $h Suppress: 0 $j 942.1 W748p $r TOT_CHECKOUT: 0

