01243cam a2200349I  4500
001 9952174186901401
005 20220810164550.0
008 760818s1965    enkab         001 0 eng  
010    $a 66017849
035    $a 112902
035    $a (Mills)ocm02380680 
035    $a (MillsTIND)139031
040    $a DLC $c GWC $d OCL $d m.c. $d OCL $d MIQ
049    $a MIQA
050    $a DA677 $b .B88
092    $a 942.1 $b B878L
100 1  $a Brown, Ivor John Carnegie, $d 1891-1974.
245 10 $a London; $b an illustrated history, $c by Ivor Brown.
260    $a [London] $b Studio Vista, $c [1965]
300    $a 155 p. $b illus. (part col.) maps $c 28 cm.
500    $a Includes index.
651  0 $a London (England) $x History.
651  0 $a London (England) $v Pictorial works.
907    $a .b11524716 $b 2007-06-13 $c 2001-05-17
909 CO $o oai:mills.tind.io:139031 $p GLOBAL_SET
910    $a rcp20
913    $a BIB
945    $b   -  -   $e   -  -   $f 0 $g 1 $i 33086002230415 $j 0 $l bknf  $o - $p $0.00 $q - $r - $s - $t 40 $u 0 $v 0 $w 0 $x 0 $y .i12036547 $z 05-17-01 $h 0 $2 0 $3 0 $k   -  -   $4   -  -  
947 00 $a LTI060707
979    $a Pbook
998    $a bk $b 2001-03-23 $c m $d a $e - $f eng $g enk $h 0 $i 0
999    $a 8 $b 33086002230415 $c 1 $e Status: on shelf $f 20200612 $g 8 $h Suppress: 0 $j 942.1 B878L $r TOT_CHECKOUT: 0

