01628cam a2200409I  4500
001 9952174187401401
005 20220810164545.0
008 740724s1935    enkacef  b    000 0 engm 
010    $a 35009572
035    $a 112900
035    $a (Mills)ocm00961642 
035    $a (MillsTIND)139025
040    $a DLC $c WOO $d OCL $d m/c $d XBM $d MIQ
043    $a e-uk-en
049    $a MIQA
050 0  $a DA681 $b .B7
082    $a 942.1
092    $a 942.1 $b B845g
100 1  $a Brett-James, Norman G. $q (Norman George), $d 1879-
245 14 $a The growth of Stuart London, $c by Norman G. Brett-James with a foreword by Alderman Sir Charles H. Collett, bart., London & Middlesex Archaeological Society.
260    $a London, $b G. Allen & Unwin, ltd. $c [1935]
300    $a 556 p., 1 l. $b front. (port.) illus., plates, plans (part fold.) facsims. $c 25 cm.
500    $a Erratum slip inserted.
504    $a Bibliography: p. [521]-536.
650  0 $a Streets $z England $z London.
651  0 $a London (England) $x History $y 17th century.
651  0 $a London (England) $x Description and travel.
710 2  $a London and Middlesex Archaeological Society.
907    $a .b11524650 $b 2007-06-13 $c 2001-05-17
909 CO $o oai:mills.tind.io:139025 $p GLOBAL_SET
910    $a rcp20
913    $a BIB
945    $b   -  -   $e   -  -   $f 0 $g 1 $i 33086002230399 $j 0 $l bknf  $o - $p $0.00 $q - $r - $s - $t 40 $u 0 $v 0 $w 0 $x 0 $y .i1203647x $z 05-17-01 $h 0 $2 0 $3 0 $k   -  -   $4   -  -  
947 00 $a LTI060707
979    $a Pbook
998    $a bk $b 2001-03-23 $c m $d a $e - $f eng $g enk $h 4 $i 0
999    $a 8 $b 33086002230399 $c 1 $e Status: on shelf $f 20200612 $g 8 $h Suppress: 0 $j 942.1 B845g $r TOT_CHECKOUT: 0

