01133cam a2200337I  4500
001 9952174187701401
005 20220810164546.0
008 720905s1958    nyua          000 0 eng  
010    $a 58012946 /L
035    $a 112899
035    $a (Mills)ocm00398786 
035    $a (MillsTIND)139022
040    $a DLC $c OUN $d SER $d MIQ
049    $a MIQA
050 0  $a DA689.A6 $b B5
082    $a 942.13
092    $a 942.1 $b B619p
100 1  $a Birkenhead, Sheila, $d 1913-
245 10 $a Peace in Piccadilly; $b the story of Albany.
260    $a New York, $b Reynal $c [1958]
300    $a 250 p. $b illus. $c 22 cm.
651  0 $a Albany (London, England)
907    $a .b11524625 $b 2007-06-13 $c 2001-05-17
909 CO $o oai:mills.tind.io:139022 $p GLOBAL_SET
910    $a rcp20
913    $a BIB
945    $b   -  -   $e   -  -   $f 0 $g 1 $i 33086002230381 $j 0 $l bknf  $o - $p $0.00 $q - $r - $s - $t 40 $u 0 $v 0 $w 0 $x 0 $y .i12036213 $z 05-17-01 $h 0 $2 0 $3 0 $k   -  -   $4   -  -  
947 00 $a LTI060707
979    $a Pbook
998    $a bk $b 2001-03-23 $c m $d a $e - $f eng $g nyu $h 0 $i 0
999    $a 8 $b 33086002230381 $c 1 $e Status: on shelf $f 20200612 $g 8 $h Suppress: 0 $j 942.1 B619p $r TOT_CHECKOUT: 0

