01796cam a2200397I  4500
001 9952174188601401
005 20220810164543.0
008 750922s1906    enkafh        001 1 engm 
010    $a 06022389
035    $a 112894
035    $a (Mills)ocm01647542 
035    $a (MillsTIND)139011
040    $a DLC $c DZM $d OCL $d m/c $d XBM $d MIQ
049    $a MIQA
050 0  $a DA680 $b .B56
092    $a 942.1 $b B554m
100 1  $a Besant, Walter, $c Sir, $d 1836-1901.
245 10 $a Medieval London, $c by Sir Walter Besant.
260    $a London, $b A. & C. Black, $c 1906.
300    $a 2 v. $b front., illus., plates, ports., facsims. $c 29 x 23 cm.
490 1  $a The survey of London
505 0  $a vol. 1., pt. 1. Medieval sovereigns. pt. 2. Social and general. Appendices. Index.--v. 2., pt. 1. The government of London. pt. 2. Ecclesiastical London. pt. 3. Religious houses. Appendices. Index.
651  0 $a London (England) $x History.
651  0 $a London (England) $x Social life and customs.
830  0 $a Survey of London.
907    $a .b11524509 $b 2007-06-13 $c 2001-05-17
909 CO $o oai:mills.tind.io:139011 $p GLOBAL_SET
910    $a rcp20
913    $a BIB
945    $b   -  -   $c v. 1 $e   -  -   $f 0 $g 1 $i 33086002230332 $j 0 $l bknf  $o - $p $0.00 $q - $r - $s - $t 40 $u 0 $v 0 $w 0 $x 0 $y .i12036080 $z 05-17-01 $h 0 $2 0 $3 0 $k   -  -   $4   -  -  
945    $b   -  -   $c v. 2 $e   -  -   $f 0 $g 1 $i 33086001694330 $j 0 $l bknf  $o - $p $0.00 $q - $r - $s - $t 40 $u 0 $v 0 $w 0 $x 0 $y .i12036092 $z 05-17-01 $h 0 $2 0 $3 0 $k   -  -   $4   -  -  
947 00 $a LTI060707
979    $a Pbook
998    $a bk $b 2001-03-23 $c m $d a $e - $f eng $g enk $h 0 $i 0
999    $a 8 $b 33086002230332 $c 1 $d v. 1 $e Status: on shelf $f 20200612 $g 8 $h Suppress: 0 $j 942.1 B554m $r TOT_CHECKOUT: 0
999    $a 8 $b 33086001694330 $c 1 $d v. 2 $e Status: on shelf $f 20200612 $g 8 $h Suppress: 0 $j 942.1 B554m $r TOT_CHECKOUT: 0

