01311cam a2200361I  4500
001 9952174252901401
005 20220810164612.0
008 750425s1945    nyu      b    000 0 engm 
010    $a 45005076
035    $a 113274
035    $a (Mills)ocm01299338 
035    $a (MillsTIND)139636
040    $a DLC $c NHM $d OCL $d m.c. $d OCL $d SER $d MIQ
049    $a MIQA
050 0  $a DD117 $b .E24
082    $a 943
092    $a 943 $b E15g
100 1  $a Ebenstein, William, $d 1910-
245 14 $a The German record, $b a political portrait, $c by William Ebenstein.
260    $a New York, $a Toronto, $b Farrar & Rinehart, Inc. $c [1945]
300    $a ix, 334 p. $c 22 cm.
504    $a Bibliographical references included in "Notes" (p. 309-325)
650  0 $a World War, 1939-1945 $x Peace.
651  0 $a Germany $x Politics and government.
907    $a .b11531253 $b 2007-06-13 $c 2001-05-17
909 CO $o oai:mills.tind.io:139636 $p GLOBAL_SET
910    $a rcp20
913    $a BIB
945    $b   -  -   $e   -  -   $f 0 $g 1 $i 33086002234474 $j 0 $l bknf  $o - $p $0.00 $q - $r - $s - $t 40 $u 0 $v 0 $w 0 $x 0 $y .i12044544 $z 05-17-01 $h 0 $2 0 $3 0 $k   -  -   $4   -  -  
947 00 $a LTI060707
979    $a Pbook
998    $a bk $b 2001-03-23 $c m $d a $e - $f eng $g nyu $h 4 $i 0
999    $a 8 $b 33086002234474 $c 1 $e Status: on shelf $f 20200612 $g 8 $h Suppress: 0 $j 943 E15g $r TOT_CHECKOUT: 0

