01309cam a2200373Ia 4500
001 9952174254101401
005 20220810164611.0
008 721031s1963    nyub          001 0 eng d
035    $a 113265
035    $a (Mills)ocm00480468 
035    $a (MillsTIND)139623
040    $a WBU $c WBU $d OCL $d m.c. $d NJS $d MIQ
043    $a e-gx---
049    $a MIQA
082    $a 943
092    $a 943 $b B268o2
100 1  $a Barraclough, Geoffrey, $d 1908-1984.
245 14 $a The origins of modern Germany / $c by G. Barraclough.
250    $a 2nd rev. ed.
260    $a New York : $b Capricorn Books, $c 1963.
300    $a xi, 481 p., [2] p. of plates : $b maps ; $c 20 cm.
490 1  $a A Capricorn giant
504    $a Includes bibliographical references and index.
651  0 $a Germany $x History.
830  0 $a Capricorn giant.
907    $a .b11531101 $b 2007-06-13 $c 2001-05-17
909 CO $o oai:mills.tind.io:139623 $p GLOBAL_SET
910    $a rcp20
913    $a BIB
945    $b   -  -   $e   -  -   $f 0 $g 1 $i 33086002234383 $j 0 $l bknf  $o - $p $0.00 $q - $r - $s - $t 40 $u 0 $v 0 $w 0 $x 0 $y .i12044374 $z 05-17-01 $h 0 $2 0 $3 0 $k   -  -   $4   -  -  
947 00 $a LTI060707
979    $a Pbook
998    $a bk $b 2001-03-23 $c m $d a $e - $f eng $g nyu $h 4 $i 0
999    $a 8 $b 33086002234383 $c 1 $e Status: on shelf $f 20200612 $g 8 $h Suppress: 0 $j 943 B268o2 $r TOT_CHECKOUT: 0

