01409nam a2200361I  4500
001 9952174268301401
005 20220810164611.0
008 751004n1908    xx            000 0 eng  
010    $a 08019595
035    $a 113387
035    $a (Mills)ocm01675919 
035    $a (MillsTIND)139806
040    $a DLC $c CSU $d m.c. $d MIQ
049    $a MIQA
050 0  $a DD126 $b .S8
092    $a 943.01 $b S932g
100 1  $a Stubbs, William, $d 1825-1901.
245 10 $a Germany in the early middle ages, 476-1250. $c Ed. by Arthur Hassall.  With two maps.
260    $a London, $a New York, Bombay and Calcutta, $b Longmans, Green and Co., $c 1908.
300    $a xi, 254p. $b 2 fold. maps (incl.front.) $c 24 cm.
500    $a "The present volume originated in a series of lectures delivered in Oxford." p.v.
504    $a "Some authorities": p. xi.
651  0 $a Germany $x History $y To 1517.
700 1  $a Hassall, Arthur, $d 1853-1930.
907    $a .b11533109 $b 2007-06-13 $c 2001-05-17
909 CO $o oai:mills.tind.io:139806 $p GLOBAL_SET
910    $a rcp20
913    $a BIB
945    $b   -  -   $e   -  -   $f 0 $g 1 $i 33086002235687 $j 0 $l bknf  $o - $p $0.00 $q - $r - $s - $t 40 $u 0 $v 0 $w 0 $x 0 $y .i12046693 $z 05-17-01 $h 0 $2 0 $3 0 $k   -  -   $4   -  -  
947 00 $a LTI060707
979    $a Pbook
998    $a bk $b 2001-03-23 $c m $d a $e - $f eng $g xx  $h 0 $i 0
999    $a 8 $b 33086002235687 $c 1 $e Status: on shelf $f 20200612 $g 8 $h Suppress: 0 $j 943.01 S932g $r TOT_CHECKOUT: 0

