01380nam a2200337I  4500
001 9952174281101401
005 20220810164611.0
008 760407s1892    enkaf         000 0 engm 
010    $a 05042353
035    $a 112914
035    $a (Mills)ocm02098536 
035    $a (MillsTIND)139056
040    $a DLC $c YUS $d m.c. $d MIQ
049    $a MIQA
050 0  $a DA686 $b .H43
092    $a 942.1 $b H431L
100 1  $a Hazlitt, William Carew, $d 1834-1913.
245 14 $a The livery companies of the city of London; $b their origin, character, development, and social and political importance. $c By W. Carew Hazlitt ... With two coloured plates and numerous illustrations.
260    $a London, $b S. Sonnenschein & co.; $a New York, $b Macmillan & co., $c 1892.
300    $a xiv, 692 p. $b col. front., illus., col. pl. $c 26 cm.
500    $a Col. plate wanting.
610 20 $a Livery Companies of London.
907    $a .b11525009 $b 2007-06-13 $c 2001-05-17
909 CO $o oai:mills.tind.io:139056 $p GLOBAL_SET
910    $a rcp20
913    $a BIB
945    $b   -  -   $e   -  -   $f 0 $g 1 $i 33086002230530 $j 0 $l bknf  $o - $p $0.00 $q - $r - $s - $t 40 $u 0 $v 0 $w 0 $x 0 $y .i12036900 $z 05-17-01 $h 0 $2 0 $3 0 $k   -  -   $4   -  -  
947 00 $a LTI060707
979    $a Pbook
998    $a bk $b 2001-03-23 $c m $d a $e - $f eng $g enk $h 4 $i 0
999    $a 8 $b 33086002230530 $c 1 $e Status: on shelf $f 20200612 $g 8 $h Suppress: 0 $j 942.1 H431L $r TOT_CHECKOUT: 0

