01331nam a2200385 i 4500
001 9952174407801401
005 20220810164848.0
008 750701s1975    enkb     b    001 0 eng  
010    $a 75317320
015    $a GB***
020    $a 0710080956 : $c L.5.25
035    $a 113342
035    $a (Mills)ocm01408194 
035    $a (MillsTIND)139739
040    $a DLC $c DLC $d m.c. $d MIQ
043    $a ee-----
049    $a MIQA
050 0  $a DR36 $b .P62
082    $a 943
092    $a 943 $b P778L
100 1  $a Polonsky, Antony.
245 14 $a The little dictators : $b the history of Eastern Europe since 1918 / $c Antony Polonsky.
260    $a London ; $a Boston : $b Routledge & K. Paul, $c 1975.
300    $a xii, 212 p. : $b maps ; $c 22 cm.
504    $a Includes bibliographical references and index.
651  0 $a Europe, Eastern $x History.
907    $a .b11532397 $b 2007-06-13 $c 2001-05-17
909 CO $o oai:mills.tind.io:139739 $p GLOBAL_SET
910    $a rcp20
913    $a BIB
945    $b   -  -   $e   -  -   $f 0 $g 1 $i 33086002235166 $j 0 $l bknf  $o - $p $0.00 $q - $r - $s - $t 40 $u 0 $v 0 $w 0 $x 0 $y .i12045779 $z 05-17-01 $h 0 $2 0 $3 0 $k   -  -   $4   -  -  
947 00 $a LTI060707
979    $a Pbook
998    $a bk $b 2001-03-23 $c m $d a $e - $f eng $g enk $h 4 $i 0
999    $a 8 $b 33086002235166 $c 1 $e Status: on shelf $f 20200612 $g 8 $h Suppress: 0 $j 943 P778L $r TOT_CHECKOUT: 0

