01307cam a2200373I  4500
001 9952174409101401
005 20220810164849.0
008 741211|1945||||xx            000 0 eng u
010    $a a  46000280
035    $a 113332
035    $a (Mills)ocm01106913 
035    $a (MillsTIND)139724
040    $c IPU $d OCL $d MIQ
049    $a MIQA
082    $a 943
092    $a 943 $b L827g
100 1  $a Lowenstein, Hubertus, $c Prinz zu, $d 1906-
245 14 $a The Germans in history, $c by Prince Hubertus zu Loewenstein.
260    $a New York, $b Columbia University Press, $c 1945.
300    $a xii, 584 p. $c 25 cm.
504    $a "List of works cited" : p. [513]-544.
650  0 $a History $x Philosophy.
651  0 $a Germany $x History.
651  0 $a Germany $x Politics and government.
651  0 $a Europe $x History.
907    $a .b11532233 $b 2009-03-23 $c 2001-05-17
909 CO $o oai:mills.tind.io:139724 $p GLOBAL_SET
910    $a rcp20
913    $a BIB
945    $b   -  -   $e   -  -   $f 0 $g 1 $i 33086002235067 $j 0 $l bknf  $o - $p $0.00 $q - $r - $s - $t 40 $u 0 $v 0 $w 0 $x 0 $y .i12045585 $z 05-17-01 $h 0 $2 0 $3 0 $k   -  -   $4   -  -  
947 00 $a LTI060707
979    $a Pbook
998    $a bk $b 2001-03-23 $c m $d a $e - $f eng $g xx  $h 4 $i 0
999    $a 8 $b 33086002235067 $c 1 $e Status: on shelf $f 20200612 $g 8 $h Suppress: 0 $j 943 L827g $r TOT_CHECKOUT: 0

