01231cam a22003611  4500
001 9952174415401401
005 20220810164850.0
008 731016s1962    miua         s000 0 eng  
010    $a 62018441 /L
035    $a 113403
035    $a (Mills)ocm00965082 
035    $a (MillsTIND)139828
040    $a DLC $c DLC $d m.c. $d SER $d MIQ
043    $a e-gx---
049    $a MIQA
050 0  $a DD131 $b .D8
082    $a 943.021
092    $a 943.021 $b D835c
100 1  $a Duckett, Eleanor Shipley.
245 10 $a Carolingian portraits; $b a study in the ninth century.
260    $a Ann Arbor, $b University of Michigan Press $c [1962]
300    $a 311 p. $b illus. $c 24 cm.
650  0 $a Carolingians.
651  0 $a Germany $x History $y 843-918.
907    $a .b11533389 $b 2007-06-13 $c 2001-05-17
909 CO $o oai:mills.tind.io:139828 $p GLOBAL_SET
910    $a rcp20
913    $a BIB
945    $b   -  -   $e   -  -   $f 0 $g 1 $i 33086002235844 $j 0 $l bknf  $o - $p $0.00 $q - $r - $s - $t 40 $u 0 $v 0 $w 0 $x 0 $y .i12047028 $z 05-17-01 $h 0 $2 0 $3 0 $k   -  -   $4   -  -  
947 00 $a LTI060707
979    $a Pbook
998    $a bk $b 2001-03-23 $c m $d a $e - $f eng $g miu $h 0 $i 0
999    $a 8 $b 33086002235844 $c 1 $e Status: on shelf $f 20200612 $g 8 $h Suppress: 0 $j 943.021 D835c $r TOT_CHECKOUT: 0

