01356nam a22003731  4500
001 9952174431801401
005 20220810164851.0
008 720420s1959    enka     b    000 0 eng  
010    $a 59001749 /L
035    $a 113653
035    $a (Mills)ocm00406578 
035    $a (MillsTIND)140252
040    $a DLC $c DLC $d MIQ
043    $a e-gx---
049    $a MIQA
050 0  $a DD232 $b .P35
082    $a 943.08
092    $a 943.08 $b P285s
100 1  $a Passant, E. J. $q (Ernest James)
245 12 $a A short history of Germany, 1815-1945. $c Economic sections by W. O. Henderson, and with contributions by C. J. Child and D. C. Watt.
260    $a Cambridge [Eng.] $b University Press, $c 1959.
300    $a 255 p. $b illus. $c 21 cm.
504    $a Includes bibliographies.
651  0 $a Germany $x History $y 1789-1900.
651  0 $a Germany $x History $y 20th century.
907    $a .b11538296 $b 2007-06-13 $c 2001-05-17
909 CO $o oai:mills.tind.io:140252 $p GLOBAL_SET
910    $a rcp20
913    $a BIB
945    $b   -  -   $e   -  -   $f 0 $g 1 $i 33086002238475 $j 0 $l bknf  $o - $p $0.00 $q - $r - $s - $t 40 $u 0 $v 0 $w 0 $x 0 $y .i12053909 $z 05-17-01 $h 0 $2 0 $3 0 $k   -  -   $4   -  -  
947 00 $a LTI060707
979    $a Pbook
998    $a bk $b 2001-03-23 $c m $d a $e - $f eng $g enk $h 2 $i 0
999    $a 8 $b 33086002238475 $c 1 $e Status: on shelf $f 20200612 $g 8 $h Suppress: 0 $j 943.08 P285s $r TOT_CHECKOUT: 0

