01495cam a2200397   4500
001 9952174497501401
005 20220810164908.0
008 720904r19721938nyuc          000 0 engm 
010    $a 70180400 //r84
020    $a 0404561241
035    $a 113838
035    $a (Mills)ocm00427351 
035    $a (MillsTIND)140610
040    $a DLC $c DLC $d m.c. $d MIQ
043    $a e-gx---
049    $a MIQA
050 0  $a DD253 $b .G39 1972
082    $a 943.085
092    $a 943.085 $b G3732
245 00 $a Germany speaks, $c by 21 leading members of party and state. With a pref. by Joachim von Ribbentrop. London, T. Butterworth, 1938.
260    $a [New York, $b AMS Press, $c 1972]
300    $a 406 p. $b port. $c 23 cm.
610 20 $a Nationalsozialistische Deutsche Arbeiter-Partei.
651  0 $a Germany $x Politics and government $y 1933-1945.
651  0 $a Germany $x Social conditions $y 1933-1945.
651  0 $a Germany $x Economic conditions $y 1918-1945.
651  0 $a Germany $x Foreign relations $y 1933-1945.
907    $a .b11542433 $b 2007-06-13 $c 2001-05-17
909 CO $o oai:mills.tind.io:140610 $p GLOBAL_SET
910    $a rcp20
913    $a BIB
945    $b   -  -   $e   -  -   $f 0 $g 1 $i 33086002240406 $j 0 $l bknf  $o - $p $0.00 $q - $r - $s - $t 40 $u 0 $v 0 $w 0 $x 0 $y .i1205849x $z 05-17-01 $h 0 $2 0 $3 0 $k   -  -   $4   -  -  
947 00 $a LTI060707
979    $a Pbook
998    $a bk $b 2001-03-23 $c m $d a $e - $f eng $g nyu $h 0 $i 0
999    $a 8 $b 33086002240406 $c 1 $e Status: on shelf $f 20200612 $g 8 $h Suppress: 0 $j 943.085 G3732 $r TOT_CHECKOUT: 0

