01300cam a2200361I  4500
001 9952174535501401
005 20220810164920.0
008 730530s1945    nyu           000 0 eng  
010    $a 45004107
035    $a 114009
035    $a (Mills)ocm00633809 
035    $a (MillsTIND)140930
040    $a DLC $c KSU $d m.c. $d OCL $d MIQ
049    $a MIQA
050 0  $a DD253 $b .S17
092    $a 943.085 $b S274p
100 1  $a Sayers, Michael, $d 1912-
245 14 $a The plot against the peace; $b a warning to the nation! $c By Michael Sayers and Albert E. Kahn.
260    $a New York, $b Dial Press, $c 1945.
300    $a 258 p. $c 21 cm.
650  0 $a National socialism.
650  0 $a World War, 1939-1945 $z Germany.
650  0 $a World War, 1939-1945 $x Atrocities.
700 1  $a Kahn, Albert Eugene, $d 1912-1979.
907    $a .b11546384 $b 2007-06-13 $c 2001-05-17
909 CO $o oai:mills.tind.io:140930 $p GLOBAL_SET
910    $a rcp20
913    $a BIB
945    $b   -  -   $e   -  -   $f 0 $g 1 $i 33086002242246 $j 0 $l bknf  $o - $p $0.00 $q - $r - $s - $t 40 $u 0 $v 0 $w 0 $x 0 $y .i12064294 $z 05-17-01 $h 0 $2 0 $3 0 $k   -  -   $4   -  -  
947 00 $a LTI060707
979    $a Pbook
998    $a bk $b 2001-03-23 $c m $d a $e - $f eng $g nyu $h 4 $i 0
999    $a 8 $b 33086002242246 $c 1 $e Status: on shelf $f 20200612 $g 8 $h Suppress: 0 $j 943.085 S274p $r TOT_CHECKOUT: 0

