01956cam a2200445M  4500
001 9952174591701401
005 20220810164936.0
008 870924s1910    nyufh         000 0 eng  
010    $a 10011289
035    $a 115124
035    $a (Mills)ocm16738886 
035    $a (MillsTIND)143295
040    $a DLC $c ORZ $d m.c. $d NRC $d MIQ
043    $a e-uk-en
049    $a MIQA
050 0  $a DA220 $b .C5
092    $a 942.03 $b C557
245 00 $a Chronicle and romance; $b Froissart, Malory, Holinshed. With introductions, notes and illustrations.
260    $a New York, $b P.F. Collier $c [c1910]
300    $a 404 p. $b plates, col. facsim. $c 23 cm.
490 1  $a The Harvard classics $v [vol. XXXV]
500    $a Each plate accompanied by guard sheet with descriptive letterpress.
505 0  $a The chronicles of Froissart, tr. by Lord Berners, ed. by G.C. Macaulay.--The Holy grail, by Sir Thomas Malory, from the Caxton edition of the Morte d'Arthur.--A description of Elizabeth England written by William Harrison for Holinshed's Chronicles.
651  0 $a Great Britain $x History $y Edward III, 1327-1377.
651  0 $a England $x Social life and customs.
700 1  $a Froissart, Jean, $d 1338?-1410?
700 1  $a Malory, Thomas, $c Sir, $d 15th cent.
700 1  $a Harrison, William, $d 1534-1593.
700 1  $a Berners, John Bourchier, $c Lord, $d 1466 or 7-1533.
700 1  $a Macaulay, G. C. $q (George Campbell), $d 1852-1915.
830  0 $a Harvard classics ; $v v. 35.
907    $a .b11572619 $b 2007-06-13 $c 2001-05-17
909 CO $o oai:mills.tind.io:143295 $p GLOBAL_SET
910    $a rcp21
913    $a BIB
945    $b   -  -   $e   -  -   $f 0 $g 1 $i 33086002254670 $j 0 $l bknf  $o - $p $0.00 $q - $r - $s - $t 40 $u 0 $v 0 $w 0 $x 0 $y .i12095436 $z 05-17-01 $h 0 $2 0 $3 0 $k   -  -   $4   -  -  
947 00 $a LTI060707
979    $a Pbook
998    $a bk $b 2001-03-23 $c m $d a $e - $f eng $g nyu $h 0 $i 0
999    $a 8 $b 33086002254670 $c 1 $e Status: on shelf $f 20200612 $g 8 $h Suppress: 0 $j 942.03 C557 $r TOT_CHECKOUT: 0

