01252nam a2200349K  4500
001 9952174650001401
005 20220810164938.0
008 860821s1938    nyu      b    000 0 engm 
010    $a 38023713
035    $a 113941
035    $a (Mills)ocm14122643 
035    $a (MillsTIND)140816
040    $a DLC $c CUY $d CUY $d MIQ
049    $a MIQA
050 0  $a DD253 $b .K59 1938
092    $a 943.085 $b K81w
100 1  $a Kolnai, Aurel.
245 14 $a The war against the west, $c by Aurel Kolnai: with preface by Wickham Steed.
260    $a New York, $b The Viking press, $c 1938.
300    $a 2 p. l., 711 p. $c 23 cm.
500    $a Printed in Great Britain.
504    $a Bibliography: p. 687-701.
610 20 $a Nationalsozialistische Deutsche Arbeiter-Partei.
907    $a .b11544880 $b 2007-06-13 $c 2001-05-17
909 CO $o oai:mills.tind.io:140816 $p GLOBAL_SET
910    $a rcp20
913    $a BIB
945    $b   -  -   $e   -  -   $f 0 $g 1 $i 33086002241545 $j 0 $l bknf  $o - $p $0.00 $q - $r - $s - $t 40 $u 0 $v 0 $w 0 $x 0 $y .i1206189x $z 05-17-01 $h 0 $2 0 $3 0 $k   -  -   $4   -  -  
947 00 $a LTI060707
979    $a Pbook
998    $a bk $b 2001-03-23 $c m $d a $e - $f eng $g nyu $h 4 $i 0
999    $a 8 $b 33086002241545 $c 1 $e Status: on shelf $f 20200612 $g 8 $h Suppress: 0 $j 943.085 K81w $r TOT_CHECKOUT: 0

