01136nam a2200337M  4500
001 9952174657301401
005 20220810164936.0
008 870922s1956    enka          001 0beng  
010    $a 56058281 /L
035    $a 115937
035    $a (Mills)ocm16730675 
035    $a (MillsTIND)144981
040    $a DLC $c ORZ $d m.c. $d MIQ
049    $a MIQA
050 0  $a DA391 $b .W47 1956a
082    $a 942.061
092    $a 942.061 $b W742k
100 1  $a Willson, David Harris, $d 1901-
245 10 $a King James VI and I.
260    $a London, $b Cape $c [1956]
300    $a 480 p. $b illus. $c 23 cm.
600 00 $a James $b I, $c King of England, $d 1566-1625.
907    $a .b11591146 $b 2007-06-13 $c 2001-05-17
909 CO $o oai:mills.tind.io:144981 $p GLOBAL_SET
910    $a rcp21
913    $a BIB
945    $b   -  -   $e   -  -   $f 0 $g 1 $i 33086002263655 $j 0 $l bknf  $o - $p $0.00 $q - $r - $s - $t 40 $u 0 $v 0 $w 0 $x 0 $y .i12121885 $z 05-17-01 $h 0 $2 0 $3 0 $k   -  -   $4   -  -  
947 00 $a LTI060707
979    $a Pbook
998    $a bk $b 2001-03-23 $c m $d a $e - $f eng $g enk $h 0 $i 0
999    $a 8 $b 33086002263655 $c 1 $e Status: on shelf $f 20200612 $g 8 $h Suppress: 0 $j 942.061 W742k $r TOT_CHECKOUT: 0

