01849nam a2200349I  4500
001 9952174660001401
005 20220810164936.0
008 750130|1949||||xx            000 0 eng u
035    $a 114073
035    $a (Mills)ocm01157448 
035    $a (MillsTIND)141068
040    $c TLM $d MIQ
049    $a MIQA
092    $a 943.086 $b A452s
100 1  $a Almond, Gabriel A. $q (Gabriel Abraham), $d 1911-2002.
245 14 $a The struggle for democracy in Germany ...
260    $a Chapel Hill : $b University of North Carolina Press, $c [c1949]
300    $a viii, 345 p. $c 25 cm.
504    $a Bibliographical references included in "Notes" (p. 311-332)
505 0  $a The historic potential: Freedom and authoritarianism in German history, by E. N. Anderson.  Resistance and repression under the Nazis, by W. H. Kraus and G. A. Almond.  The social composition of the German resistance, by G. A. Almond and W. H. Kraus.- Occupation policy: Germany's economic situation and prospects, by F. H. Sanderson.  The reconstruction of government and administration, by Hans Meyerhoff.  Political party developments, by V. F. Eliasberg.  The problem of reorientation, by Clara Menck.
650  0 $a Anti-Nazi movement $z Germany.
651  0 $a Germany $x Politics and government $y 1945-1990.
651  0 $a Germany $x Politics and government $y 1933-1945.
907    $a .b11547893 $b 2007-06-13 $c 2001-05-17
909 CO $o oai:mills.tind.io:141068 $p GLOBAL_SET
910    $a rcp20
913    $a BIB
945    $b   -  -   $e   -  -   $f 0 $g 1 $i 33086002242980 $j 0 $l bknf  $o - $p $0.00 $q - $r - $s - $t 40 $u 1 $v 0 $w 0 $x 1 $y .i12066357 $z 05-17-01 $h 0 $2 0 $3 0 $k 03-11-2019 14:02 $4 03-19-19
947 00 $a LTI060707
979    $a Pbook
998    $a bk $b 2001-03-23 $c m $d a $e - $f eng $g xx  $h 4 $i 0
999    $a 8 $b 33086002242980 $c 1 $e Status: on shelf $f 20200612 $g 8 $h Suppress: 0 $j 943.086 A452s $r TOT_CHECKOUT: 1 $s LCD: 03-19-19

