01283nam a2200361I  4500
001 9952174666901401
005 20220810164949.0
008 810119s1953    enkch    b    000 0 engm 
010    $a 53002766
035    $a 115345
035    $a (Mills)ocm07068986 
035    $a (MillsTIND)143806
040    $a DLC $c ZYU $d ZYU $d MIQ
049    $a MIQA
050 0  $a DA356 $b .N4
082    $a 942.055
092    $a 942.055 $b N346e
100 1  $a Neale, J. E. $q (John Ernest), $d 1890-1975.
245 10 $a Elizabeth I and her Parliaments, 1559-1581.
260    $a London, $b Cape $c [1953]
300    $a 434 p. $b ports., facsim. $c 23 cm.
504    $a Bibliographical footnotes.
600 00 $a Elizabeth $b I, $c Queen of England, $d 1533-1603.
651  0 $a Great Britain $x Politics and government $y 1558-1603.
907    $a .b11578324 $b 2007-06-13 $c 2001-05-17
909 CO $o oai:mills.tind.io:143806 $p GLOBAL_SET
910    $a rcp21
913    $a BIB
945    $b   -  -   $e   -  -   $f 0 $g 1 $i 33086002257046 $j 0 $l bknf  $o - $p $0.00 $q - $r - $s - $t 40 $u 0 $v 0 $w 0 $x 0 $y .i12103305 $z 05-17-01 $h 0 $2 0 $3 0 $k   -  -   $4   -  -  
947 00 $a LTI060707
979    $a Pbook
998    $a bk $b 2001-03-23 $c m $d a $e - $f eng $g enk $h 0 $i 0
999    $a 8 $b 33086002257046 $c 1 $e Status: on shelf $f 20200612 $g 8 $h Suppress: 0 $j 942.055 N346e $r TOT_CHECKOUT: 0

