01132nam a2200313I  4500
001 9952174669801401
005 20220810164953.0
008 750702|1959||||xx            000 0 eng u
035    $a 115340
035    $a (Mills)ocm01425185 
035    $a (MillsTIND)143792
040    $c FDA $d m.c. $d MIQ
049    $a MIQA
092    $a 942.055 $b M444d
100 1  $a Mattingly, Garrett, $d 1900-1962.
245 14 $a The defeat of the Spanish Armada.
260    $a London, $b J. Cape, $c [1959]
300    $a 382 p. $b illus., ports., maps. $c 24 cm.
500    $a American ed. (Boston, Houghton Mifflin) has title: The Armada.
650  0 $a Armada, 1588.
907    $a .b1157818x $b 2007-06-13 $c 2001-05-17
909 CO $o oai:mills.tind.io:143792 $p GLOBAL_SET
910    $a rcp21
913    $a BIB
945    $b   -  -   $e   -  -   $f 0 $g 1 $i 33086002256998 $j 0 $l bknf  $o - $p $0.00 $q - $r - $s - $t 40 $u 0 $v 0 $w 0 $x 0 $y .i12103160 $z 05-17-01 $h 0 $2 0 $3 0 $k   -  -   $4   -  -  
947 00 $a LTI060707
979    $a Pbook
998    $a bk $b 2001-03-23 $c m $d a $e - $f eng $g xx  $h 4 $i 0
999    $a 8 $b 33086002256998 $c 1 $e Status: on shelf $f 20200612 $g 8 $h Suppress: 0 $j 942.055 M444d $r TOT_CHECKOUT: 0

