01146cam a2200337I  4500
001 9952174685501401
005 20220810164957.0
008 751006s1964    enkac    b    000 0 engm 
010    $a 66033122
035    $a 115302
035    $a (Mills)ocm01677692 
035    $a (MillsTIND)143719
040    $a DLC $c CIN $d m.c. $d OCL $d MIQ
049    $a MIQA
050    $a DA787.A1 $b E3
092    $a 942.055 $b E26d
100 1  $a Edwards, Francis.
245 14 $a The dangerous queen.
260    $a London, $b G. Chapman, $c 1964.
300    $a 432 p. $b illus., port. $c 23 cm.
504    $a Bibliographical footnotes.
600 00 $a Mary, $c Queen of Scots, $d 1542-1587.
907    $a .b1157737x $b 2007-06-13 $c 2001-05-17
909 CO $o oai:mills.tind.io:143719 $p GLOBAL_SET
910    $a rcp21
913    $a BIB
945    $b   -  -   $e   -  -   $f 0 $g 1 $i 33086002256618 $j 0 $l bknf  $o - $p $0.00 $q - $r - $s - $t 40 $u 0 $v 0 $w 0 $x 0 $y .i1210162x $z 05-17-01 $h 0 $2 0 $3 0 $k   -  -   $4   -  -  
947 00 $a LTI060707
979    $a Pbook
998    $a bk $b 2001-03-23 $c m $d a $e - $f eng $g enk $h 4 $i 0
999    $a 8 $b 33086002256618 $c 1 $e Status: on shelf $f 20200612 $g 8 $h Suppress: 0 $j 942.055 E26d $r TOT_CHECKOUT: 0

