01204nam a2200337I  4500
001 9952174688001401
005 20220810164953.0
008 750530|1900||||xx            000 0 engmu
010    $a 01018888
035    $a 115178
035    $a (Mills)ocm01362429 
035    $a (MillsTIND)143401
040    $c CIN $d m.c. $d MIQ
049    $a MIQA
050 0  $a DA233 $b .M2
092    $a 942.037 $b M158h
100 1  $a Mackinnon, James, $d 1860-1945.
245 14 $a The history of Edward the Third (1327-1377)
260    $a London, $a New York, $b Longmans, Green, $c 1900.
300    $a xx, 625 p. $c 23 cm.
600 00 $a Edward $b III, $c King of England, $d 1312-1377.
651  0 $a Great Britain $x History $y Edward III, 1327-1377.
907    $a .b11573983 $b 2007-06-13 $c 2001-05-17
909 CO $o oai:mills.tind.io:143401 $p GLOBAL_SET
910    $a rcp21
913    $a BIB
945    $b   -  -   $e   -  -   $f 0 $g 1 $i 33086002255222 $j 0 $l bknf  $o - $p $0.00 $q - $r - $s - $t 40 $u 0 $v 0 $w 0 $x 0 $y .i12097482 $z 05-17-01 $h 0 $2 0 $3 0 $k   -  -   $4   -  -  
947 00 $a LTI060707
979    $a Pbook
998    $a bk $b 2001-03-23 $c m $d a $e - $f eng $g xx  $h 4 $i 0
999    $a 8 $b 33086002255222 $c 1 $e Status: on shelf $f 20200612 $g 8 $h Suppress: 0 $j 942.037 M158h $r TOT_CHECKOUT: 0

