01612nam a2200409I  4500
001 9952174705001401
005 20220810164949.0
008 750701|1930||||xx            000 0 engmu
010    $a 31002126
035    $a 115384
035    $a (Mills)ocm01424316 
035    $a (MillsTIND)143896
040    $c CIN $d m.c. $d MIQ
041 1  $a engger
049    $a MIQA
050 0  $a DA405 $b .B4
082    $a 942.06
092    $a 942.06 $b B531c
100 1  $a Bernstein, Eduard, $d 1850-1932.
245 10 $a Cromwell & communism; $b socialism and democracy in the great English revolution, $c by Eduard Bernstein, translated by H. J. Stenning.
260    $a London, $b G. Allen & Unwin $c [1930]
300    $a 287 p. $c 22 cm.
500    $a Translation of Sozialismus und demokratie in der grossen englischen revolution, which was published as one of the volumes of Karl Kautsky's comprehensive history of socialism.
650  0 $a Communism $z Great Britain.
650  0 $a Levellers.
650  0 $a Utopias.
651  0 $a Great Britain $x Politics and government $y 1642-1660.
700 1  $a Stenning, H. J. $q (Henry James), $d b. 1889.
907    $a .b11579365 $b 2007-06-13 $c 2001-05-17
909 CO $o oai:mills.tind.io:143896 $p GLOBAL_SET
910    $a rcp21
913    $a BIB
945    $b   -  -   $e   -  -   $f 0 $g 1 $i 33086002257459 $j 0 $l bknf  $o - $p $0.00 $q - $r - $s - $t 40 $u 0 $v 0 $w 0 $x 0 $y .i12106628 $z 05-17-01 $h 0 $2 0 $3 0 $k   -  -   $4   -  -  
947 00 $a LTI060707
979    $a Pbook
998    $a bk $b 2001-03-23 $c m $d a $e - $f eng $g xx  $h 0 $i 0
999    $a 8 $b 33086002257459 $c 1 $e Status: on shelf $f 20200612 $g 8 $h Suppress: 0 $j 942.06 B531c $r TOT_CHECKOUT: 0

