01425nam a2200373La 4500
001 9952174757101401
005 20220810165004.0
008 830913s1929    enkabh   b    001 0deng d
035    $a 116281
035    $a (Mills)ocm10537774 
035    $a (MillsTIND)145664
040    $a COF $c COF $d MIQ
043    $a e-uk---
049    $a MIQA
092    $a 942.07 $b T931e2
100 1  $a Turberville, Arthur Stanley, $d 1888-1945.
245 10 $a English men and manners in the eighteenth century : $b an illustrated narrative / $c by A. S. Turberville.
250    $a 2nd ed.
260    $a Oxford, [Eng.] : $b Clarendon Press, $c 1929.
300    $a xxiii, 539 p. : $b ill., maps, facsims. ; $c 21 cm.
504    $a Includes bibliographical references and index.
650  0 $a Eighteenth century.
651  0 $a Great Britain $x Social life and customs.
651  0 $a Great Britain $x History $y 18th century.
651  0 $a Great Britain $v Biography.
907    $a .b11598992 $b 2007-06-13 $c 2001-05-17
909 CO $o oai:mills.tind.io:145664 $p GLOBAL_SET
910    $a rcp21
913    $a BIB
945    $b   -  -   $e   -  -   $f 0 $g 1 $i 33086002267375 $j 0 $l bknf  $o - $p $0.00 $q - $r - $s - $t 40 $u 0 $v 0 $w 0 $x 0 $y .i12130680 $z 05-17-01 $h 0 $2 0 $3 0 $k   -  -   $4   -  -  
947 00 $a LTI060707
979    $a Pbook
998    $a bk $b 2001-03-23 $c m $d a $e - $f eng $g enk $h 0 $i 0
999    $a 8 $b 33086002267375 $c 1 $e Status: on shelf $f 20200612 $g 8 $h Suppress: 0 $j 942.07 T931e2 $r TOT_CHECKOUT: 0

