01623cam a2200433I  4500
001 9952174760201401
005 20220810164957.0
008 721025s1950    enkc     b    000 0 engmc
010    $a a  51007027
035    $a 116265
035    $a (Mills)ocm00476648 
035    $a (MillsTIND)145630
040    $a Michigan. Univ. Libr. $c WBU $d m.c. $d SER $d m/c $d MIQ
041 1  $a eng $h ger
049    $a MIQA
050 1  $a DA480 $b .E
082    $a 942.07
092    $a 942.07 $b E97pn
100 1  $a Eyck, Erich, $d 1878-1964.
240 00 $a Pitts und die Fox', Vater und Sohne. $l English
245 10 $a Pitt versus Fox: father & son, 1735-1806; $c translated by Eric Northcott.
260    $a London, $b G. Bell, $c 1950.
300    $a viii, 396 p. $b ports. $c 23 cm.
500    $a Erratum slip inserted at p. 374.
504    $a "Bibliographical note": p. 379-381.
600 10 $a Pitt, William, $c Earl of Chatham, $d 1708-1778.
600 10 $a Pitt, William, $d 1759-1806.
600 10 $a Holland, Henry Fox, $c Baron, $d 1705-1774.
600 10 $a Fox, Charles James, $d 1749-1806.
651  0 $a Great Britain $x Politics and government $y 18th century.
907    $a .b1159858x $b 2009-03-23 $c 2001-05-17
909 CO $o oai:mills.tind.io:145630 $p GLOBAL_SET
910    $a rcp21
913    $a BIB
945    $b   -  -   $e   -  -   $f 0 $g 1 $i 33086002267201 $j 0 $l bknf  $o - $p $0.00 $q - $r - $s - $t 40 $u 0 $v 0 $w 0 $x 0 $y .i12130266 $z 05-17-01 $h 0 $2 0 $3 0 $k   -  -   $4   -  -  
947 00 $a LTI060707
979    $a Pbook
998    $a bk $b 2001-03-23 $c m $d a $e - $f eng $g enk $h 0 $i 0
999    $a 8 $b 33086002267201 $c 1 $e Status: on shelf $f 20200612 $g 8 $h Suppress: 0 $j 942.07 E97pn $r TOT_CHECKOUT: 0

