01424cam a2200373I  4500
001 9952174764301401
005 20220810165012.0
008 731017s1941    nyu           000 0 engm 
010    $a 41002851
035    $a 115983
035    $a (Mills)ocm00719207 
035    $a (MillsTIND)145053
040    $a DLC $c MDY $d m.c. $d SER $d MIQ
049    $a MIQA
050 0  $a DA429.W5 $b A3
082    $a 942.063
092    $a 942.063 $b W783As
100 1  $a Winstanley, Gerrard, $d b. 1609.
245 14 $a The works of Gerrard Winstanley, $b with an appendix of documents relating to the Digger movement, $c edited with an introduction by George H. Sabine ...
260    $a Ithaca, N.Y., $b Cornell University Press, $c 1941.
300    $a 4 p. l., 686 p. $c 24 cm.
650  0 $a Levellers.
650  0 $a Communism $z Great Britain.
651  0 $a Great Britain $x Politics and government $y 1642-1660.
700 1  $a Sabine, George Holland, $d 1880-1961.
907    $a .b11591997 $b 2007-06-13 $c 2001-05-17
909 CO $o oai:mills.tind.io:145053 $p GLOBAL_SET
910    $a rcp21
913    $a BIB
945    $b   -  -   $e   -  -   $f 0 $g 1 $i 33086002264273 $j 0 $l bknf  $o - $p $0.00 $q - $r - $s - $t 40 $u 0 $v 0 $w 0 $x 0 $y .i12123092 $z 05-17-01 $h 0 $2 0 $3 0 $k   -  -   $4   -  -  
947 00 $a LTI060707
979    $a Pbook
998    $a bk $b 2001-03-23 $c m $d a $e - $f eng $g nyu $h 4 $i 0
999    $a 8 $b 33086002264273 $c 1 $e Status: on shelf $f 20200612 $g 8 $h Suppress: 0 $j 942.063 W783As $r TOT_CHECKOUT: 0

