01324cam a22003731  4500
001 9952174779601401
005 20220810165014.0
008 730522s1962    mauace   b    000 0 engm 
010    $a 62005508 //r84
035    $a 115921
035    $a (Mills)ocm00398840 
035    $a (MillsTIND)144945
040    $a DLC $c DLC $d m.c. $d SER $d MIQ
043    $a e-uk---
049    $a MIQA
050 0  $a DA391 $b .A4
082    $a 942.061
092    $a 942.061 $b A315j
100 1  $a Akrigg, G. P. V.
245 10 $a Jacobean pageant; $b or, The court of King James I.
260    $a Cambridge, $b Harvard University Press, $c 1962.
300    $a xi, 431 p. $b illus., ports., plan. $c 26 cm.
504    $a Includes bibliographical references.
600 00 $a James $b I, $c King of England, $d 1566-1625.
651  0 $a Great Britain $x Court and courtiers.
907    $a .b11590774 $b 2007-06-13 $c 2001-05-17
909 CO $o oai:mills.tind.io:144945 $p GLOBAL_SET
910    $a rcp21
913    $a BIB
945    $b   -  -   $e   -  -   $f 0 $g 1 $i 33086002263440 $j 0 $l bknf  $o - $p $0.00 $q - $r - $s - $t 40 $u 0 $v 0 $w 0 $x 0 $y .i12121502 $z 05-17-01 $h 0 $2 0 $3 0 $k   -  -   $4   -  -  
947 00 $a LTI060707
979    $a Pbook
998    $a bk $b 2001-03-23 $c m $d a $e - $f eng $g mau $h 0 $i 0
999    $a 8 $b 33086002263440 $c 1 $e Status: on shelf $f 20200612 $g 8 $h Suppress: 0 $j 942.061 A315j $r TOT_CHECKOUT: 0

