01798cam a2200373I  4500
001 9952174780001401
005 20220810165009.0
008 780418s1906    xx            000 0 engm 
010    $a 07002574
035    $a 115919
035    $a (Mills)ocm03811020 
035    $a (MillsTIND)144941
040    $a DLC $c TLM $d m/c $d MIQ
049    $a MIQA
050    $a DA447.A3 $b T7
092    $a 942.06 $b T863c
100 1  $a Trowbridge, W. R. H. $q (William Rutherford Hayes), $d 1866-1938.
245 10 $a Court beauties of old Whitehall; $b historiettes of the restoration, $c by W. R. H. Trowbridge. With 32 illustrations.
260    $a London, $b T.F. Unwin, $c 1906.
300    $a 3 p. l., 9-325. [1] p. $b pl., 30 port. (incl. front.) $c 23 cm.
500    $a Title in red and black.
504    $a "List of the principal sources": p. 11-12.
505 0  $a Hortense Mancini, duchesse de Mazario.--Barbara Villiers, duchess of Cleveland.--"La belle Stuart," duchess of Richmond.--"La belle Hamilton," comtesse de Gramont.--"The lovely Jennings," duchess of Tyrconnel.--"Wanton Shrewsbury," Anna Maria, countess of Shrewsbury.--"Madame" Henrietta, duchess of Orleans.--Louise de Keroual, duchess of Portsmouth.
651  0 $a Great Britain $x History $y Restoration, 1660-1688.
651  0 $a Great Britain $x Court and courtiers.
907    $a .b11590737 $b 2007-06-13 $c 2001-05-17
909 CO $o oai:mills.tind.io:144941 $p GLOBAL_SET
910    $a rcp21
913    $a BIB
945    $b   -  -   $e   -  -   $f 0 $g 1 $i 33086002263424 $j 0 $l bknf  $o - $p $0.00 $q - $r - $s - $t 40 $u 0 $v 0 $w 0 $x 0 $y .i12121460 $z 05-17-01 $h 0 $2 0 $3 0 $k   -  -   $4   -  -  
947 00 $a LTI060707
979    $a Pbook
998    $a bk $b 2001-03-23 $c m $d a $e - $f eng $g xx  $h 0 $i 0
999    $a 8 $b 33086002263424 $c 1 $e Status: on shelf $f 20200612 $g 8 $h Suppress: 0 $j 942.06 T863c $r TOT_CHECKOUT: 0

