02561cam a2200445I  4500
001 9952174811701401
005 20220810165222.0
008 740501s1875    enk           000 0 eng u
010    $a 01018980
035    $a 115908
035    $a (Mills)ocm00875673 
035    $a (MillsTIND)144924
040    $c WOO $d m.c. $d OCL $d MIQ
049    $a MIQA
050 0  $a DA375 $b .R198
092    $a 942.06 $b R198h
100 1  $a Ranke, Leopold von, $d 1795-1886.
245 12 $a A history of England principally in the seventeenth century, $c by Leopold von Ranke.
260    $a Oxford, $b The Clarendon press, $c 1875.
300    $a 6 v. $c 23 cm.
651  0 $a Great Britain $x History $y Stuarts, 1603-1714.
907    $a .b11590531 $b 2007-06-13 $c 2001-05-17
909 CO $o oai:mills.tind.io:144924 $p GLOBAL_SET
910    $a rcp21
913    $a BIB
945    $b   -  -   $c v.1 $e   -  -   $f 0 $g 1 $i 33086002263317 $j 0 $l bknf  $o - $p $0.00 $q - $r - $s - $t 40 $u 0 $v 0 $w 0 $x 0 $y .i12121174 $z 05-17-01 $h 0 $2 0 $3 0 $k   -  -   $4   -  -  
945    $b   -  -   $c v.2 $e   -  -   $f 0 $g 1 $i 33086001693829 $j 0 $l bknf  $o - $p $0.00 $q - $r - $s - $t 40 $u 0 $v 0 $w 0 $x 0 $y .i12121186 $z 05-17-01 $h 0 $2 0 $3 0 $k   -  -   $4   -  -  
945    $b   -  -   $c v.3 $e   -  -   $f 0 $g 1 $i 33086001693019 $j 0 $l bknf  $o - $p $0.00 $q - $r - $s - $t 40 $u 0 $v 0 $w 0 $x 0 $y .i12121198 $z 05-17-01 $h 0 $2 0 $3 0 $k   -  -   $4   -  -  
945    $b   -  -   $c v.4 $e   -  -   $f 0 $g 1 $i 33086001693217 $j 0 $l bknf  $o - $p $0.00 $q - $r - $s - $t 40 $u 0 $v 0 $w 0 $x 0 $y .i12121204 $z 05-17-01 $h 0 $2 0 $3 0 $k   -  -   $4   -  -  
945    $b   -  -   $c v.5 $e   -  -   $f 0 $g 1 $i 33086001693415 $j 0 $l bknf  $o - $p $0.00 $q - $r - $s - $t 40 $u 0 $v 0 $w 0 $x 0 $y .i12121216 $z 05-17-01 $h 0 $2 0 $3 0 $k   -  -   $4   -  -  
945    $b   -  -   $c v.6 $e   -  -   $f 0 $g 1 $i 33086001693613 $j 0 $l bknf  $o - $p $0.00 $q - $r - $s - $t 40 $u 0 $v 0 $w 0 $x 0 $y .i12121228 $z 05-17-01 $h 0 $2 0 $3 0 $k   -  -   $4   -  -  
947 00 $a LTI060707
979    $a Pbook
998    $a bk $b 2001-03-23 $c m $d a $e - $f eng $g enk $h 2 $i 0
999    $a 8 $b 33086002263317 $c 1 $d v.1 $e Status: on shelf $f 20200612 $g 8 $h Suppress: 0 $j 942.06 R198h $r TOT_CHECKOUT: 0
999    $a 8 $b 33086001693019 $c 1 $d v.3 $e Status: on shelf $f 20200612 $g 8 $h Suppress: 0 $j 942.06 R198h $r TOT_CHECKOUT: 0
999    $a 8 $b 33086001693217 $c 1 $d v.4 $e Status: on shelf $f 20200612 $g 8 $h Suppress: 0 $j 942.06 R198h $r TOT_CHECKOUT: 0
999    $a 8 $b 33086001693415 $c 1 $d v.5 $e Status: on shelf $f 20200612 $g 8 $h Suppress: 0 $j 942.06 R198h $r TOT_CHECKOUT: 0
999    $a 8 $b 33086001693613 $c 1 $d v.6 $e Status: on shelf $f 20200612 $g 8 $h Suppress: 0 $j 942.06 R198h $r TOT_CHECKOUT: 0
999    $a 8 $b 33086001693829 $c 1 $d v.2 $e Status: on shelf $f 20200612 $g 8 $h Suppress: 0 $j 942.06 R198h $r TOT_CHECKOUT: 0

