01390nam a2200349Ia 4500
001 9952174845201401
005 20220810165222.0
008 811211s1951    enkabcf       001 0 eng d
035    $a 115354
035    $a (Mills)ocm07991174 
035    $a (MillsTIND)143827
040    $a ORC $c ORC $d MIQ
049    $a MIQA
092    $a 942.055 $b R885e
100 1  $a Rowse, A. L. $q (Alfred Leslie), $d 1903-1997.
245 14 $a The England of Elizabeth : $b the structure of society / $c by A.L. Rowse.
260    $a London : $b Macmillan, $c 1951.
300    $a xv, 546 p., [24] leaves of plates : $b ill., map, ports. ; $c 24 cm.
490 1  $a His The Elizabethan age, v. 1
504    $a Includes bibliographical footnotes.
651  0 $a Great Britain $x History $y Elizabeth, 1558-1603.
800 1  $a Rowse, A. L. $q (Alfred Leslie), $d 1903-1997. $t Elizabethan age ; $v v. 1.
830  0 $a His The Elizabethan age, v. 1
907    $a .b11578579 $b 2016-12-07 $c 2001-05-17
909 CO $o oai:mills.tind.io:143827 $p GLOBAL_SET
910    $a rcp21
913    $a BIB
945    $b   -  -   $e   -  -   $f 0 $g 1 $i 33086002257145 $j 0 $l bknf  $o - $p $0.00 $q - $r - $s - $t 40 $u 0 $v 0 $w 0 $x 0 $y .i12103561 $z 05-17-01 $h 0 $2 0 $3 0 $k   -  -   $4   -  -  
947 00 $a LTI060707
979    $a Pbook
998    $a bk $b 2001-03-23 $c m $d a $e - $f eng $g enk $h 4 $i 0
999    $a 8 $b 33086002257145 $c 1 $e Status: on shelf $f 20200612 $g 8 $h Suppress: 0 $j 942.055 R885e $r TOT_CHECKOUT: 0

