01393cam a2200349I  4500
001 9952174863701401
005 20220810165232.0
008 750715s1923    enk           000 0 enge 
010    $a 23006051
035    $a 116249
035    $a (Mills)ocm01448155 
035    $a (MillsTIND)145603
040    $a DLC $c CIN $d m.c. $d SER $d MIQ
049    $a MIQA
050 0  $a DA430 $b .S85
092    $a 942.066 $b S881e
100 1  $a Stone, Thora Guinevere.
245 10 $a England under the restoration (1660-1688) $c by Thora G. Stone, M.A., with a preface by A.F. Pollard ...
260    $a London, $a New York [etc.] $b Longmans, Green and Co., $c 1923.
300    $a xix, 260 p. $c 20 cm.
490 1  $a University of London intermediate source-books of history ; $v no. IV
651  0 $a Great Britain $x History $y Restoration, 1660-1688.
830  0 $a University of London intermediate source books of history ; $v no. 4.
907    $a .b11598281 $b 2007-06-13 $c 2001-05-17
909 CO $o oai:mills.tind.io:145603 $p GLOBAL_SET
910    $a rcp21
913    $a BIB
945    $b   -  -   $e   -  -   $f 0 $g 1 $i 33086000068171 $j 0 $l bknf  $o - $p $0.00 $q - $r - $s - $t 40 $u 0 $v 0 $w 0 $x 0 $y .i12129896 $z 05-17-01 $h 0 $2 0 $3 0 $k   -  -   $4   -  -  
947 00 $a LTI060707
979    $a Pbook
998    $a bk $b 2001-03-23 $c m $d a $e - $f eng $g enk $h 0 $i 0
999    $a 8 $b 33086000068171 $c 1 $e Status: on shelf $f 20200612 $g 8 $h Suppress: 0 $j 942.066 S881e $r TOT_CHECKOUT: 0

