01550cam a2200385I  4500
001 9952174864001401
005 20220810165239.0
008 740423s1934    enkb     b    000 0 engm 
010    $a 35002301
035    $a 116247
035    $a (Mills)ocm00863938 
035    $a (MillsTIND)145598
040    $a DLC $c WOO $d SER $d MIQ
049    $a MIQA
050 0  $a DA445 $b .O5
082    $a 942.066
092    $a 942.066 $b O34e
100 1  $a Ogg, David, $d 1887-1965.
245 10 $a England in the reign of Charles II, $c by David Ogg ...
260    $a Oxford, $b The Clarendon Press, $c 1934.
300    $a 2 v. $b fold. map. $c 23 cm.
500    $a Paged continuously.
504    $a Bibliography: v. 1, p. [xiii]-xiv.
651  0 $a Great Britain $x History $y Charles II, 1660-1685.
907    $a .b11598232 $b 2007-06-13 $c 2001-05-17
909 CO $o oai:mills.tind.io:145598 $p GLOBAL_SET
910    $a rcp21
913    $a BIB
945    $b   -  -   $c v. 1 $e   -  -   $f 0 $g 1 $i 33086000068155 $j 0 $l bknf  $o - $p $0.00 $q - $r - $s - $t 40 $u 0 $v 0 $w 0 $x 0 $y .i12129835 $z 05-17-01 $h 0 $2 0 $3 0 $k   -  -   $4   -  -  
945    $b   -  -   $c v. 2 $e   -  -   $f 0 $g 1 $i 33086001695998 $j 0 $l bknf  $o - $p $0.00 $q - $r - $s - $t 40 $u 0 $v 0 $w 0 $x 0 $y .i12129847 $z 05-17-01 $h 0 $2 0 $3 0 $k   -  -   $4   -  -  
947 00 $a LTI060707
979    $a Pbook
998    $a bk $b 2001-03-23 $c m $d a $e - $f eng $g enk $h 0 $i 0
999    $a 8 $b 33086001695998 $c 1 $d v. 2 $e Status: on shelf $f 20200612 $g 8 $h Suppress: 0 $j 942.066 O34e $r TOT_CHECKOUT: 0
999    $a 8 $b 33086000068155 $c 1 $d v. 1 $e Status: on shelf $f 20200612 $g 8 $h Suppress: 0 $j 942.066 O34e $r TOT_CHECKOUT: 0

