01455nam a2200337Ia 4500
001 9952174864901401
005 20220810165233.0
008 881010s1902    enk           000 0 eng d
035    $a 116244
035    $a (Mills)ocm18583093 
035    $a (MillsTIND)145589
040    $a NSC $c NSC $d MIQ
049    $a MIQA
092    $a 942.066 $b B964h, v.0
100 1  $a Burnet, Gilbert, $d 1643-1715.
245 12 $a A supplement to Burnet's History of my own time : $b derived from his original memoirs, his autobiography, his letters to Admiral Herbert, and his private meditations, all hitherto unpublished / $c ed. by H. C. Foxcroft.
260    $a Oxford : $b Clarendon Press, $c 1902.
300    $a lxiv, 565 p. ; $c 23 cm.
651  0 $a Great Britain $x History $y Restoration, 1660-1688.
651  0 $a Great Britain $x History $y 1689-1714.
700 1  $a Burnet, Gilbert, $d 1643-1715. $t History of my own times.
700 1  $a Foxcroft, H. C. $q (Helen Charlotte), $d b. 1865.
907    $a .b11598141 $b 2007-06-13 $c 2001-05-17
909 CO $o oai:mills.tind.io:145589 $p GLOBAL_SET
910    $a rcp21
913    $a BIB
945    $b   -  -   $e   -  -   $f 0 $g 1 $i 33086002266997 $j 0 $l bknf  $o - $p $0.00 $q - $r - $s - $t 40 $u 0 $v 0 $w 0 $x 0 $y .i12129720 $z 05-17-01 $h 0 $2 0 $3 0 $k   -  -   $4   -  -  
947 00 $a LTI060707
979    $a Pbook
998    $a bk $b 2001-03-23 $c m $d a $e - $f eng $g enk $h 2 $i 0
999    $a 8 $b 33086002266997 $c 1 $e Status: on shelf $f 20200612 $g 8 $h Suppress: 0 $j "942.066 B964h, v.0" $r TOT_CHECKOUT: 0

