01311cam a2200361I  4500
001 9952174867101401
005 20220810165233.0
008 750822s1955    cauc     b    000 0 engm 
010    $a 55005169
035    $a 116234
035    $a (Mills)ocm01563465 
035    $a (MillsTIND)145564
040    $a DLC $c CIN $d SER $d m.c. $d MIQ
049    $a MIQA
050 0  $a DA425 $b .D39
082    $a 942.065
092    $a 942.065 $b D255r
100 1  $a Davies, Godfrey, $d 1892-1957.
245 14 $a The Restoration of Charles II, 1658-1660.
260    $a San Marino, Calif., $b Huntington Library, $c 1955.
300    $a viii, 383 p. $b port. $c 24 cm.
504    $a Bibliographical footnotes.
600 00 $a Charles $b II, $c King of England, $d 1630-1685.
651  0 $a Great Britain $x History $y Commonwealth and Protectorate, 1649-1660.
907    $a .b11597872 $b 2007-06-13 $c 2001-05-17
909 CO $o oai:mills.tind.io:145564 $p GLOBAL_SET
910    $a rcp21
913    $a BIB
945    $b   -  -   $e   -  -   $f 0 $g 1 $i 33086002266898 $j 0 $l bknf  $o - $p $0.00 $q - $r - $s - $t 40 $u 0 $v 0 $w 0 $x 0 $y .i12129446 $z 05-17-01 $h 0 $2 0 $3 0 $k   -  -   $4   -  -  
947 00 $a LTI060707
979    $a Pbook
998    $a bk $b 2001-03-23 $c m $d a $e - $f eng $g cau $h 4 $i 0
999    $a 8 $b 33086002266898 $c 1 $e Status: on shelf $f 20200612 $g 8 $h Suppress: 0 $j 942.065 D255r $r TOT_CHECKOUT: 0

