01345nam a2200361I  4500
001 9952174873101401
005 20220810165233.0
008 770502s1911    enk           000 0 engm 
010    $a 11027144
035    $a 116304
035    $a (Mills)ocm02935138 
035    $a (MillsTIND)145725
040    $a DLC $c SUC $d SUC $d MIQ
049    $a MIQA
050 0  $a DA520 $b .F6
092    $a 942.073 $b F738b
100 1  $a Fortescue, J. W. $q (John William), $c Sir, $d 1859-1933.
245 10 $a British statemen of the great war, 1793-1814; $b the Ford lectures for 1911, $c by J. W. Fortescue.
246 3  $a Ford lectures, 1911
260    $a Oxford, $b The Clarendon press, $c 1911.
300    $a 279 p. $c 23 cm.
650  0 $a Statesmen $z Great Britain.
651  0 $a Great Britain $x Politics and government $y 1789-1820.
651  0 $a Great Britain $x History $y 1789-1820.
907    $a .b11599613 $b 2007-06-13 $c 2001-05-17
909 CO $o oai:mills.tind.io:145725 $p GLOBAL_SET
910    $a rcp21
913    $a BIB
945    $b   -  -   $e   -  -   $f 0 $g 1 $i 33086002267615 $j 0 $l bknf  $o - $p $0.00 $q - $r - $s - $t 40 $u 0 $v 0 $w 0 $x 0 $y .i12131416 $z 05-17-01 $h 0 $2 0 $3 0 $k   -  -   $4   -  -  
947 00 $a LTI060707
979    $a Pbook
998    $a bk $b 2001-03-23 $c m $d a $e - $f eng $g enk $h 0 $i 0
999    $a 8 $b 33086002267615 $c 1 $e Status: on shelf $f 20200612 $g 8 $h Suppress: 0 $j 942.073 F738b $r TOT_CHECKOUT: 0

