01382cam a2200385I  4500
001 9952174874301401
005 20220810165233.0
008 760202r1945    nyuae    b    000 0 eng  
010    $a 45008031
035    $a 116300
035    $a (Mills)ocm01960548 
035    $a (MillsTIND)145713
040    $a DLC $c IQU $d OCL $d SER $d MIQ
049    $a MIQA
050 0  $a DA535 $b .B78 1945
082    $a 942.073
092    $a 942.073 $b B915y
100 1  $a Bryant, Arthur, $d 1899-1985.
245 10 $a Years of victory, 1802-1812, $c by Arthur Bryant.
260    $a New York $a and London, $b Harper & brothers $c [1945]
300    $a xii, 468 p. $b illus. (plans) $c 23 cm.
500    $a Maps on lining papers.
500    $a "First [American] edition."
504    $a Bibliography: p. 437-441.
651  0 $a Great Britain $x History $y 1800-1837.
651  0 $a Great Britain $x History, Military $y 1789-1820.
907    $a .b11599492 $b 2007-06-13 $c 2001-05-17
909 CO $o oai:mills.tind.io:145713 $p GLOBAL_SET
910    $a rcp21
913    $a BIB
945    $b   -  -   $e   -  -   $f 0 $g 1 $i 33086002267573 $j 0 $l bknf  $o - $p $0.00 $q - $r - $s - $t 40 $u 0 $v 0 $w 0 $x 0 $y .i12131295 $z 05-17-01 $h 0 $2 0 $3 0 $k   -  -   $4   -  -  
947 00 $a LTI060707
979    $a Pbook
998    $a bk $b 2001-03-23 $c m $d a $e - $f eng $g nyu $h 0 $i 0
999    $a 8 $b 33086002267573 $c 1 $e Status: on shelf $f 20200612 $g 8 $h Suppress: 0 $j 942.073 B915y $r TOT_CHECKOUT: 0

