01299cam a2200361I  4500
001 9952174875201401
005 20220810165235.0
008 720912s1956    enk           000 0 engm 
010    $a 56014302 /L
035    $a 116296
035    $a (Mills)ocm00404547 
035    $a (MillsTIND)145702
040    $a DLC $c WSU $d m.c. $d OCL $d MIQ
049    $a MIQA
050 0  $a DA510 $b .B7
082    $a 942.073
092    $a 942.073 $b B872c
100 1  $a Brooke, John.
245 14 $a The Chatham administration, 1766-1768.
260    $a London, $b Macmillan; $a New York, $b St. Martin's Press, $c 1956.
300    $a 400 p. $c 23 cm.
440  0 $a England in the age of the American Revolution
600 10 $a Pitt, William, $c Earl of Chatham, $d 1708-1778.
651  0 $a Great Britain $x Politics and government $y 1760-1820.
907    $a .b11599388 $b 2007-06-13 $c 2001-05-17
909 CO $o oai:mills.tind.io:145702 $p GLOBAL_SET
910    $a rcp21
913    $a BIB
945    $b   -  -   $e   -  -   $f 0 $g 1 $i 33086002267532 $j 0 $l bknf  $o - $p $0.00 $q - $r - $s - $t 40 $u 0 $v 0 $w 0 $x 0 $y .i12131180 $z 05-17-01 $h 0 $2 0 $3 0 $k   -  -   $4   -  -  
947 00 $a LTI060707
979    $a Pbook
998    $a bk $b 2001-03-23 $c m $d a $e - $f eng $g enk $h 4 $i 0
999    $a 8 $b 33086002267532 $c 1 $e Status: on shelf $f 20200612 $g 8 $h Suppress: 0 $j 942.073 B872c $r TOT_CHECKOUT: 0

