01682nam a2200421I  4500
001 9952174877301401
005 20220810165230.0
008 750730|1936||||xx            000 0 engmu
010    $a 36016361
035    $a 116287
035    $a (Mills)ocm01489345 
035    $a (MillsTIND)145676
040    $c CIN $d MIQ
041 1  $a engger
049    $a MIQA
050 0  $a DA480 $b .M62
082    $a 942.071
092    $a 942.071 $b M621e
100 1  $a Michael, Wolfgang, $d 1862-1945.
245 10 $a England under George I: $b the beginnings of the Hanoverian dynasty, $c by Wolfgang Michael. Translated and adapted from the German.
246 3  $a Beginnings of the Hanoverian dynasty
260    $a London, $b Macmillan, $c 1936.
300    $a viii, 406 p. $c 23 cm.
490 1  $a Studies in modern history. General editor: L. B. Namier
500    $a Errata slip inserted.
500    $a Abridged translation of v. 1, books 2-3, of the author's Englische geschichte im achtzehnten jahrhundert.
500    $a Translated and adapted under the supervision of Professor L. B. Namier.
651  0 $a Great Britain $x History $y 18th century.
830  0 $a Studies in modern history (Macmillan & Co.)
907    $a .b1159911x $b 2007-06-13 $c 2001-05-17
909 CO $o oai:mills.tind.io:145676 $p GLOBAL_SET
910    $a rcp21
913    $a BIB
945    $b   -  -   $e   -  -   $f 0 $g 1 $i 33086002267441 $j 0 $l bknf  $o - $p $0.00 $q - $r - $s - $t 40 $u 0 $v 0 $w 0 $x 0 $y .i12130825 $z 05-17-01 $h 0 $2 0 $3 0 $k   -  -   $4   -  -  
947 00 $a LTI060707
979    $a Pbook
998    $a bk $b 2001-03-23 $c m $d a $e - $f eng $g xx  $h 0 $i 0
999    $a 8 $b 33086002267441 $c 1 $e Status: on shelf $f 20200612 $g 8 $h Suppress: 0 $j 942.071 M621e $r TOT_CHECKOUT: 0

