01887cam a2200361I  4500
001 9952174881801401
005 20220810165233.0
008 750714s1929    enka          000 0 engm 
010    $a 29011185
035    $a 116311
035    $a (Mills)ocm01445134 
035    $a (MillsTIND)145742
040    $a DLC $c CIN $d SER $d MIQ
049    $a MIQA
050 0  $a DA505 $b .N3
092    $a 942.073 $b N174s
100 1  $a Namier, Lewis Bernstein, $c Sir, $d 1888-1960.
245 14 $a The structure of politics at the accession of George III $c [by] L.B. Namier ...
260    $a London, $b Macmillan and Co., Limited, $c 1929.
300    $a 2 v. $b tables (part fold.) $c 23 cm.
505 0  $a 1. Why men went into Parliament. The electoral structure of England. The general election of 1761. Secret service money under the Duke of Newcastle.--2. Shropshire politics and men at the accession of George III. The Cornish boroughs. Two Treasury boroughs [Harwich and Orford] Parliamentary beggars. Appendix: The secret service accounts of the Duke of Newcastle.
651  0 $a Great Britain $x Politics and government $y 1760-1789.
907    $a .b11599790 $b 2007-06-13 $c 2001-05-17
909 CO $o oai:mills.tind.io:145742 $p GLOBAL_SET
910    $a rcp21
913    $a BIB
945    $b   -  -   $c v. 1 $e   -  -   $f 0 $g 1 $i 33086002267680 $j 0 $l bknf  $o - $p $0.00 $q - $r - $s - $t 40 $u 0 $v 0 $w 0 $x 0 $y .i12131611 $z 05-17-01 $h 0 $2 0 $3 0 $k   -  -   $4   -  -  
945    $b   -  -   $c v. 2 $e   -  -   $f 0 $g 1 $i 33086001695576 $j 0 $l bknf  $o - $p $0.00 $q - $r - $s - $t 40 $u 0 $v 0 $w 0 $x 0 $y .i12131623 $z 05-17-01 $h 0 $2 0 $3 0 $k   -  -   $4   -  -  
947 00 $a LTI060707
979    $a Pbook
998    $a bk $b 2001-03-23 $c m $d a $e - $f eng $g enk $h 4 $i 0
999    $a 8 $b 33086002267680 $c 1 $d v. 1 $e Status: on shelf $f 20200612 $g 8 $h Suppress: 0 $j 942.073 N174s $r TOT_CHECKOUT: 0
999    $a 8 $b 33086001695576 $c 1 $d v. 2 $e Status: on shelf $f 20200612 $g 8 $h Suppress: 0 $j 942.073 N174s $r TOT_CHECKOUT: 0

