01489nam a2200409I  4500
001 9952174888601401
005 20220810165235.0
008 760513s1933    maucf         001 0 eng  
010    $a 33035712
035    $a 116460
035    $a (Mills)ocm02174749 
035    $a (MillsTIND)146062
040    $a DLC $c TJC $d MIQ
049    $a MIQA
050 0  $a DA682 $b .A4
082    $a 942.1
092    $a 942.1 $b A428c
100 1  $a Allen, Robert Joseph.
245 14 $a The clubs of Augustan London, $c by Robert J. Allen.
260    $a Cambridge, $b Harvard university press, $c 1933.
300    $a viii p., 3 l., [3]-305 p. $b front., plates, ports. $c 21 cm.
490 1  $a Harvard studies in English ; $v Vol. VII
650  0 $a English literature $z England $z London.
650  0 $a Clubs $z England $z London.
650  0 $a Hotels $z England $z London.
651  0 $a London (England) $x History $y 18th century.
651  0 $a London (England) $x Intellectual life.
830  0 $a Harvard studies in English ; $v v. 7.
907    $a .b11603161 $b 2007-06-13 $c 2001-05-17
909 CO $o oai:mills.tind.io:146062 $p GLOBAL_SET
910    $a rcp21
913    $a BIB
945    $b   -  -   $e   -  -   $f 0 $g 1 $i 33086002269223 $j 0 $l bknf  $o - $p $0.00 $q - $r - $s - $t 40 $u 0 $v 0 $w 0 $x 0 $y .i12135318 $z 05-17-01 $h 0 $2 0 $3 0 $k   -  -   $4   -  -  
947 00 $a LTI060707
979    $a Pbook
998    $a bk $b 2001-03-23 $c m $d a $e - $f eng $g mau $h 4 $i 0
999    $a 8 $b 33086002269223 $c 1 $e Status: on shelf $f 20200612 $g 8 $h Suppress: 0 $j 942.1 A428c $r TOT_CHECKOUT: 0

