01240cam a2200361I  4500
001 9952174905501401
005 20220810165242.0
008 760514s1957    enka     b    000 0 enged
010    $a 58001703 /L
035    $a 116400
035    $a (Mills)ocm02177185 
035    $a (MillsTIND)145931
040    $a CIN $c CIN $d SER $d OCL $d MIQ
049    $a MIQA
050 0  $a DA578 $b .L9
082    $a 942.083
092    $a 942.083 $b L986f
100 1  $a Lyman, Richard W.
245 14 $a The first labour government, 1924.
260    $a London, $b Chapman & Hall $c [1957]
300    $a 302 p. $b illus. $c 23 cm.
504    $a Bibliographical notes.
610 20 $a Labour Party (Great Britain)
651  0 $a Great Britain $x Politics and government $y 1910-1936.
907    $a .b11601814 $b 2007-06-13 $c 2001-05-17
909 CO $o oai:mills.tind.io:145931 $p GLOBAL_SET
910    $a rcp21
913    $a BIB
945    $b   -  -   $e   -  -   $f 0 $g 1 $i 33086002268613 $j 0 $l bknf  $o - $p $0.00 $q - $r - $s - $t 40 $u 0 $v 0 $w 0 $x 0 $y .i12133747 $z 05-17-01 $h 0 $2 0 $3 0 $k   -  -   $4   -  -  
947 00 $a LTI060707
979    $a Pbook
998    $a bk $b 2001-03-23 $c m $d a $e - $f eng $g enk $h 4 $i 0
999    $a 8 $b 33086002268613 $c 1 $e Status: on shelf $f 20200612 $g 8 $h Suppress: 0 $j 942.083 L986f $r TOT_CHECKOUT: 0

