01338nam a2200361I  4500
001 9952174910401401
005 20220810165243.0
008 731211|1940||||xx            000 0 eng u
010    $a 40011687
035    $a 116428
035    $a (Mills)ocm00757873 
035    $a (MillsTIND)145984
040    $c KSU $d m.c. $d MIQ
049    $a MIQA
092    $a 942.084 $b G796b
100 1  $a Green, James Frederick, $d b. 1867.
245 14 $a The British empire under fire, $c by James Frederick Green; maps and charts by Bunji Tagawa.
260    $a [New York] $b The Foreign policy association $c [1940]
300    $a 96 p. $b illus. $c 20 cm.
440  0 $a Headline books ; $v no. 24
504    $a "Suggested reading": p. 95-96.
651  0 $a Great Britain.
651  0 $a Great Britain $x Politics and government $y 1936-
651  0 $a Great Britain $x Colonies.
907    $a .b11602363 $b 2007-06-13 $c 2001-05-17
909 CO $o oai:mills.tind.io:145984 $p GLOBAL_SET
910    $a rcp21
913    $a BIB
945    $b   -  -   $e   -  -   $f 0 $g 1 $i 33086002268894 $j 0 $l bknf  $o - $p $0.00 $q - $r - $s - $t 40 $u 0 $v 0 $w 0 $x 0 $y .i1213434x $z 05-17-01 $h 0 $2 0 $3 0 $k   -  -   $4   -  -  
947 00 $a LTI060707
979    $a Pbook
998    $a bk $b 2001-03-23 $c m $d a $e - $f eng $g xx  $h 4 $i 0
999    $a 8 $b 33086002268894 $c 1 $e Status: on shelf $f 20200612 $g 8 $h Suppress: 0 $j 942.084 G796b $r TOT_CHECKOUT: 0

