01281cam a2200349I  4500
001 9952174933001401
005 20220810165239.0
008 750521s1975    mau           001 0 eng d
010    $a 74012878
020    $a 0674107659
035    $a 115883
035    $a (Mills)ocm01348285 
035    $a (MillsTIND)144869
040    $a WEL $c WEL $d OCL $d JHE $d UPM $d OCL $d MIQ
049    $a MIQA
082    $a 941.06
092    $a 942.06 $b H645c
100 1  $a Hill, Christopher, $d 1912-2003.
245 10 $a Change and continuity in seventeenth-century England / $c Christopher Hill.
260    $a Cambridge, Mass. : $b Harvard University Press, $c 1975.
300    $a xiv, 370 p. ; $c 22 cm.
504    $a Includes bibliographical references and index.
651  0 $a England $x Civilization $y 17th century.
907    $a .b11589917 $b 2007-06-13 $c 2001-05-17
909 CO $o oai:mills.tind.io:144869 $p GLOBAL_SET
910    $a rcp21
913    $a BIB
945    $b   -  -   $e   -  -   $f 0 $g 1 $i 33086002263069 $j 0 $l bknf  $o - $p $0.00 $q - $r - $s - $t 40 $u 0 $v 0 $w 0 $x 0 $y .i12120443 $z 05-17-01 $h 0 $2 0 $3 0 $k   -  -   $4   -  -  
947 00 $a LTI060707
979    $a Pbook
998    $a bk $b 2001-03-23 $c m $d a $e - $f eng $g mau $h 0 $i 0
999    $a 8 $b 33086002263069 $c 1 $e Status: on shelf $f 20200612 $g 8 $h Suppress: 0 $j 942.06 H645c $r TOT_CHECKOUT: 0

