01829cam a2200385I  4500
001 9952175363601401
005 20220810165715.0
008 740917s1926    nyu           000 0 eng  
010    $a 26017604
035    $a 56335
035    $a (Mills)ocm01013095 
035    $a (MillsTIND)149358
040    $a DLC $c MRC $d m.c. $d OCL $d FDA $d MIQ
049    $a MIQA
050 0  $a BL263 $b .O75
092    $a 215 $b O81e
100 1  $a Osborn, Henry Fairfield, $d 1857-1935.
245 10 $a Evolution and religion in education, $b polemics of the fundamentalist controversy of 1922 to 1926, $c by Henry Fairfield Osborn.
260    $a New York, $b C. Scribner's Sons, $c 1926.
300    $a xiii, 2 l., 3-240 p. $c 20 cm.
500    $a "Volume III of Collected addresses and essays."
504    $a Bibliography: p. 233-236.
505 0  $a Crossing swords with the fundamentalists.--Evolution and religion.--Evolution and daily living.--The credo of a naturalist.--The earth speaks to Bryan.--The Tennessee trial.--The case for human evolution in 1925.--How to teach evolution in the schools.--How to restore religion to the schools.--Convincing evidence of the geologic antiquity of man.--A new basis of creative evolution.
650  0 $a Evolution.
650  0 $a Religion and science $x History $y 20th century.
650  0 $a Modernist-fundamentalist controversy.
907    $a .b11638564 $b 2007-06-13 $c 2001-05-17
909 CO $o oai:mills.tind.io:149358 $p GLOBAL_SET
910    $a rcp16
913    $a BIB
945    $b   -  -   $e   -  -   $f 0 $g 1 $i 33086000670307 $j 0 $l bknf  $o - $p $0.00 $q - $r - $s - $t 40 $u 0 $v 0 $w 0 $x 0 $y .i12178974 $z 05-17-01 $h 0 $2 0 $3 0 $k   -  -   $4   -  -  
947 00 $a LTI060707
979    $a Pbook
998    $a bk $b 2001-03-23 $c m $d a $e - $f eng $g nyu $h 0 $i 0
999    $a 8 $b 33086000670307 $c 1 $e Status: on shelf $f 20200612 $g 8 $h Suppress: 0 $j 215 O81e $r TOT_CHECKOUT: 0

