01119cam a2200325I  4500
001 9952175458001401
005 20220810165734.0
008 720406s1957    nyu           000 0 eng  
010    $a 57006250 /L
035    $a 56210
035    $a (Mills)ocm00276843 
035    $a (MillsTIND)149140
040    $a DLC $c YNG $d OCL $d m.c. $d SER $d MIQ
049    $a MIQA
082    $a 328.34
092    $a 323.4 $b H781c
100 1  $a Hook, Sidney, $d 1902-1989.
245 10 $a Common sense and the fifth amendment.
260    $a New York, $b Criterion Books $c [1957]
300    $a 160 p. $c 21 cm.
650  0 $a Self-incrimination $z United States.
907    $a .b11636348 $b 2007-06-13 $c 2001-05-17
909 CO $o oai:mills.tind.io:149140 $p GLOBAL_SET
910    $a rcp14
913    $a BIB
945    $b   -  -   $e   -  -   $f 0 $g 1 $i 33086000669010 $j 0 $l bknf  $o - $p $0.00 $q - $r - $s - $t 40 $u 0 $v 0 $w 0 $x 0 $y .i12176278 $z 05-17-01 $h 0 $2 0 $3 0 $k   -  -   $4   -  -  
947 00 $a LTI060707
979    $a Pbook
998    $a bk $b 2001-03-23 $c m $d a $e - $f eng $g nyu $h 0 $i 0
999    $a 8 $b 33086000669010 $c 1 $e Status: on shelf $f 20200612 $g 8 $h Suppress: 0 $j 323.4 H781c $r TOT_CHECKOUT: 0

