01232cam a2200349I  4500
001 9952175466101401
005 20220810165738.0
008 760317s1923    nju      b    000 0 engm 
010    $a 23009124
035    $a 56328
035    $a (Mills)ocm02055642 
035    $a (MillsTIND)149344
040    $a DLC $c TXA $d TXA $d SER $d MIQ
049    $a MIQA
050 0  $a BL263 $b .L25
092    $a 215 $b L265e
100 1  $a Lane, Henry Higgins, $d 1878-1965.
245 10 $a Evolution and Christian faith, $c by H.H. Lane ...
260    $a Princeton, $b Princeton University Press, $c 1923.
300    $a xi, 214 p. $c 23 cm.
504    $a "Suggested readings": p. 213-214.
650  0 $a Evolution.
650  0 $a Religion and science $x History $y 20th century.
907    $a .b11638424 $b 2007-06-13 $c 2001-05-17
909 CO $o oai:mills.tind.io:149344 $p GLOBAL_SET
910    $a rcp16
913    $a BIB
945    $b   -  -   $e   -  -   $f 0 $g 1 $i 33086000670232 $j 0 $l bknf  $o - $p $0.00 $q - $r - $s - $t 40 $u 0 $v 0 $w 0 $x 0 $y .i12178792 $z 05-17-01 $h 0 $2 0 $3 0 $k   -  -   $4   -  -  
947 00 $a LTI060707
979    $a Pbook
998    $a bk $b 2001-03-23 $c m $d a $e - $f eng $g nju $h 0 $i 0
999    $a 8 $b 33086000670232 $c 1 $e Status: on shelf $f 20200612 $g 8 $h Suppress: 0 $j 215 L265e $r TOT_CHECKOUT: 0

