01174cam a2200349   4500
001 9952175468101401
005 20220810165738.0
008 691125s1969    ilu      b    001 0 eng  
010    $a 69019059
035    $a 55889
035    $a (Mills)ocm00023570 
035    $a (MillsTIND)148674
040    $a DLC $c DLC $d OCL $d m.c. $d OCL $d MIQ
049    $a MIQA
050 0  $a BL50 $b .E46
082    $a 200/.9
092    $a 201 $b E42q
100 1  $a Eliade, Mircea, $d 1907-1986.
245 14 $a The quest; history and meaning in religion.
260    $a Chicago, $b University of Chicago Press $c [1969]
300    $a 180 p. $c 23 cm.
504    $a Bibliographical footnotes.
650  0 $a Religion.
907    $a .b11631016 $b 2007-06-13 $c 2001-05-17
909 CO $o oai:mills.tind.io:148674 $p GLOBAL_SET
910    $a rcp16
913    $a BIB
945    $b   -  -   $e   -  -   $f 0 $g 1 $i 33086000665703 $j 0 $l bknf  $o - $p $0.00 $q - $r - $s - $t 40 $u 0 $v 0 $w 0 $x 0 $y .i12170409 $z 05-17-01 $h 0 $2 0 $3 0 $k   -  -   $4   -  -  
947 00 $a LTI060707
979    $a Pbook
998    $a bk $b 2001-03-23 $c m $d a $e - $f eng $g ilu $h 4 $i 0
999    $a 8 $b 33086000665703 $c 1 $e Status: on shelf $f 20200612 $g 8 $h Suppress: 0 $j 201 E42q $r TOT_CHECKOUT: 0

