01284cam a2200349I  4500
001 9952175482101401
005 20220810165749.0
008 720127s1966    nyu      b    000 0 eng  
010    $a 66011354
035    $a 56236
035    $a (Mills)ocm00229461 
035    $a (MillsTIND)149185
040    $a DLC $c YNG $d m.c. $d SER $d OCL $d WSU $d MIQ
049    $a MIQA
082    $a 323.40973
092    $a 323.4 $b K82e
100 1  $a Konvitz, Milton Ridvas, $d 1908-
245 10 $a Expanding liberties; $b freedom's gains in postwar America $c [by] Milton R. Konvitz.
260    $a New York, $b Viking Press $c [1966]
300    $a xvii, 429 p. $c 22 cm.
504    $a Bibliographical references included in "Notes" (p. 389-420)
650  0 $a Civil rights $z United States.
650  0 $a Liberty $z United States.
907    $a .b11636798 $b 2007-06-13 $c 2001-05-17
909 CO $o oai:mills.tind.io:149185 $p GLOBAL_SET
910    $a rcp14
913    $a BIB
945    $b   -  -   $e   -  -   $f 0 $g 1 $i 33086000669291 $j 0 $l bknf  $o - $p $0.00 $q - $r - $s - $t 40 $u 0 $v 0 $w 0 $x 0 $y .i1217676x $z 05-17-01 $h 0 $2 0 $3 0 $k   -  -   $4   -  -  
947 00 $a LTI060707
979    $a Pbook
998    $a bk $b 2001-03-23 $c m $d a $e - $f eng $g nyu $h 0 $i 0
999    $a 8 $b 33086000669291 $c 1 $e Status: on shelf $f 20200612 $g 8 $h Suppress: 0 $j 323.4 K82e $r TOT_CHECKOUT: 0

