01234cam a2200373I  4500
001 9952175514901401
005 20220810165757.0
008 750425s1951    nyu           000 0 eng  
010    $a 51006992 /L
035    $a 56225
035    $a (Mills)ocm01298788 
035    $a (MillsTIND)149166
040    $a DLC $c DZM $d m.c. $d OCL $d MIQ
043    $a n-us---
049    $a MIQA $c 181720
050 0  $a JC599.U5 $b J6
082    $a 323.4
092    $a 323.4 $b J67t
100 1  $a Johnson, Gerald W. $q (Gerald White), $d 1890-1980.
245 10 $a This American people.
250    $a [1st ed.]
260    $a New York, $b Harper $c [1951]
300    $a 205 p. $c 22 cm.
650  0 $a Civil rights $z United States.
651  0 $a United States $x Civilization.
907    $a .b11636609 $b 2007-06-13 $c 2001-05-17
909 CO $o oai:mills.tind.io:149166 $p GLOBAL_SET
910    $a rcp14
913    $a BIB
945    $b   -  -   $e   -  -   $f 0 $g 1 $i 33086000669184 $j 0 $l bknf  $o - $p $0.00 $q - $r - $s - $t 40 $u 0 $v 0 $w 0 $x 0 $y .i12176576 $z 05-17-01 $h 0 $2 0 $3 0 $k   -  -   $4   -  -  
947 00 $a LTI060707
979    $a Pbook
998    $a bk $b 2001-03-23 $c m $d a $e - $f eng $g nyu $h 0 $i 0
999    $a 8 $b 33086000669184 $c 1 $e Status: on shelf $f 20200612 $g 8 $h Suppress: 0 $j 323.4 J67t $r TOT_CHECKOUT: 0

