01792cam a2200421I  4500
001 9952175533301401
005 20220810165759.0
008 750701s1958    nyu      b    000 0 enge 
010    $a 58014461
035    $a 56186
035    $a (Mills)ocm01422614 
035    $a (MillsTIND)149105
040    $a DLC $c SOI $d m.c. $d SER $d MIQ
049    $a MIQA
082    $a 323.40973
092    $a 323.4 $b E53p2
100 1  $a Emerson, Thomas Irwin, $d 1907-
245 10 $a Political and civil rights in the United States; $b a collection of legal and related materials, $c by Thomas I. Emerson, and David Haber. Foreword by Robert M. Hutchins.
250    $a 2d. ed.
260    $a Buffalo, $b Dennis, $c 1958.
300    $a 2 v. (xxii, 1536 p.) $c 25 cm.
504    $a Includes bibliographical notes.
650  0 $a Civil rights $z United States.
650  0 $a Civil rights $z United States $v Cases.
650  0 $a Political rights $z United States.
650  0 $a Political rights $z United States $v Cases.
700 1  $a Haber, David.
907    $a .b1163599x $b 2007-06-13 $c 2001-05-17
909 CO $o oai:mills.tind.io:149105 $p GLOBAL_SET
910    $a rcp14
913    $a BIB
945    $b   -  -   $c v. 1 $e   -  -   $f 0 $g 1 $i 33086000668756 $j 0 $l bknf  $o - $p $0.00 $q - $r - $s - $t 40 $u 0 $v 0 $w 0 $x 0 $y .i12175882 $z 05-17-01 $h 0 $2 0 $3 0 $k   -  -   $4   -  -  
945    $b   -  -   $c v. 2 $e   -  -   $f 0 $g 1 $i 33086001622687 $j 0 $l bknf  $o - $p $0.00 $q - $r - $s - $t 40 $u 0 $v 0 $w 0 $x 0 $y .i12175894 $z 05-17-01 $h 0 $2 0 $3 0 $k   -  -   $4   -  -  
947 00 $a LTI060707
979    $a Pbook
998    $a bk $b 2001-03-23 $c m $d a $e - $f eng $g nyu $h 0 $i 0
999    $a 8 $b 33086001622687 $c 1 $d v. 2 $e Status: on shelf $f 20200612 $g 8 $h Suppress: 0 $j 323.4 E53p2 $r TOT_CHECKOUT: 0
999    $a 8 $b 33086000668756 $c 1 $d v. 1 $e Status: on shelf $f 20200612 $g 8 $h Suppress: 0 $j 323.4 E53p2 $r TOT_CHECKOUT: 0

