01131nam a2200349I  4500
001 9952175632201401
005 20220810165816.0
008 750814|1950||||xx            000 0 eng u
010    $a 51004096
035    $a 56093
035    $a (Mills)ocm01547555 
035    $a (MillsTIND)148966
040    $c FBA $d MIQ
049    $a MIQA
050 0  $a BL87 $b .M8
082    $a 204
092    $a 204 $b M982s
100 1  $a Murray, Gilbert, $d 1866-1957.
245 10 $a Stoic, Christian, and humanist. $c [Essays]
260    $a Boston, $b Beacon Press, $c 1950.
300    $a 189 p. $c 19 cm.
504    $a Bibliography: p. 17-18.
650  0 $a Religion.
907    $a .b11634418 $b 2007-06-13 $c 2001-05-17
909 CO $o oai:mills.tind.io:148966 $p GLOBAL_SET
910    $a rcp16
913    $a BIB
945    $b   -  -   $e   -  -   $f 0 $g 1 $i 33086000667774 $j 0 $l bknf  $o - $p $0.00 $q - $r - $s - $t 40 $u 0 $v 0 $w 0 $x 0 $y .i12174154 $z 05-17-01 $h 0 $2 0 $3 0 $k   -  -   $4   -  -  
947 00 $a LTI060707
979    $a Pbook
998    $a bk $b 2001-03-23 $c m $d a $e - $f eng $g xx  $h 0 $i 0
999    $a 8 $b 33086000667774 $c 1 $e Status: on shelf $f 20200612 $g 8 $h Suppress: 0 $j 204 M982s $r TOT_CHECKOUT: 0

