01301nam a22003731  4500
001 9952175771901401
005 20220810165840.0
008 711207s1965    nyu      b    000 0 eng  
010    $a 65024223
035    $a 58728
035    $a (Mills)ocm00261072 
035    $a (MillsTIND)153235
040    $a DLC $c DLC $d m.c. $d MIQ
049    $a MIQA
050 0  $a HT119 $b .H3
082    $a 301.364
092    $a 323.352 $b H376s
100 1  $a Hauser, Philip Morris, $d 1909-1994.
245 14 $a The study of urbanization, $c edited by Philip M. Hauser [and] Leo F. Schnore.
260    $a New York, $b Wiley $c [1965]
300    $a viii, 554 p. $c 24 cm.
504    $a Includes bibliographical references.
650  0 $a Urbanization.
650  0 $a Cities and towns $x Growth.
700 1  $a Schnore, Leo Francis, $d 1927-
907    $a .b11679177 $b 2007-06-13 $c 2001-05-17
909 CO $o oai:mills.tind.io:153235 $p GLOBAL_SET
910    $a rcp12
913    $a BIB
945    $b   -  -   $e   -  -   $f 0 $g 1 $i 33086000695635 $j 0 $l bknf  $o - $p $0.00 $q - $r - $s - $t 40 $u 0 $v 0 $w 0 $x 0 $y .i12228461 $z 05-17-01 $h 0 $2 0 $3 0 $k   -  -   $4   -  -  
947 00 $a LTI060707
979    $a Pbook
998    $a bk $b 2001-03-23 $c m $d a $e - $f eng $g nyu $h 4 $i 0
999    $a 8 $b 33086000695635 $c 1 $e Status: on shelf $f 20200612 $g 8 $h Suppress: 0 $j 323.352 H376s $r TOT_CHECKOUT: 0

