01414nam a22003851  4500
001 9952175773601401
005 20220810165850.0
008 720427s1962    nyu      b    000 0 eng  
010    $a 62008675 /L/r62
035    $a 58724
035    $a (Mills)ocm00265154 
035    $a (MillsTIND)153227
040    $a DLC $c DLC $d m/c $d MIQ
049    $a MIQA
050 0  $a HT151 $b .G8
082    $a 301.36081
092    $a 323.352 $b G972m
100 1  $a Gulick, Luther Halsey, $d 1892-
245 14 $a The metropolitan problem and American ideas; $b five lectures delivered on the William W. Cook Foundation at the University of Michigan, March 6-10, 1961.
250    $a [1st ed.]
260    $a New York, $b Knopf, $c 1962.
300    $a 166 p. $c 22 cm.
490 1  $a The William W. Cook Foundation lectures
504    $a Includes bibliography.
650  0 $a Metropolitan areas.
830  0 $a William W. Cook Foundation lectures.
907    $a .b11679098 $b 2007-06-13 $c 2001-05-17
909 CO $o oai:mills.tind.io:153227 $p GLOBAL_SET
910    $a rcp12
913    $a BIB
945    $b   -  -   $e   -  -   $f 0 $g 1 $i 33086000695585 $j 0 $l bknf  $o - $p $0.00 $q - $r - $s - $t 40 $u 0 $v 0 $w 0 $x 0 $y .i12228370 $z 05-17-01 $h 0 $2 0 $3 0 $k   -  -   $4   -  -  
947 00 $a LTI060707
979    $a Pbook
998    $a bk $b 2001-03-23 $c m $d a $e - $f eng $g nyu $h 4 $i 0
999    $a 8 $b 33086000695585 $c 1 $e Status: on shelf $f 20200612 $g 8 $h Suppress: 0 $j 323.352 G972m $r TOT_CHECKOUT: 0

