01314nam a22003851  4500
001 9952175943501401
005 20220810170329.0
008 710326s1968    nyuac    b    000 0 eng  
010    $a 68054151
020    $c $10.00
035    $a 58005
035    $a (Mills)ocm00186717 
035    $a (MillsTIND)151973
040    $a DLC $c DLC $d MIQ
043    $a e-gx---
049    $a MIQA
050 0  $a BR856 $b .C67 1968c
082    $a 322/.1/0943
092    $a 322.1 $b C767n
100 1  $a Conway, John S.
245 14 $a The Nazi persecution of the churches, 1933-45 $c [by] J. S. Conway.
260    $a New York, $b Basic Books $c [1968]
300    $a xxxi, 474 p. $b illus., ports. $c 25 cm.
504    $a Bibliography: p. 455-464.
650  0 $a Church and state $z Germany $x History $y 1933-1945.
650  0 $a Persecution $z Germany.
907    $a .b11666274 $b 2007-06-13 $c 2001-05-17
909 CO $o oai:mills.tind.io:151973 $p GLOBAL_SET
910    $a rcp12
913    $a BIB
945    $b   -  -   $e   -  -   $f 0 $g 1 $i 33086000688127 $j 0 $l bknf  $o - $p $0.00 $q - $r - $s - $t 40 $u 0 $v 0 $w 0 $x 0 $y .i12213494 $z 05-17-01 $h 0 $2 0 $3 0 $k   -  -   $4   -  -  
947 00 $a LTI060707
979    $a Pbook
998    $a bk $b 2001-03-23 $c m $d a $e - $f eng $g nyu $h 4 $i 0
999    $a 8 $b 33086000688127 $c 1 $e Status: on shelf $f 20200612 $g 8 $h Suppress: 0 $j 322.1 C767n $r TOT_CHECKOUT: 0

