01388nam a22003731  4500
001 9952176107701401
005 20220810170419.0
008 740625c19661965nyu      b    000 0 eng  
010    $a 66028676
035    $a 59256
035    $a (Mills)ocm00536389 
035    $a (MillsTIND)154174
040    $a DLC $c DLC $d MIQ
043    $a a-ii---
049    $a MIQA
050 0  $a HN683.5 $b .T28 1966
082    $a 301.350954
092    $a 323.354 $b T239i
100 1  $a Taylor, Carl C. $q (Carl Cleveland), $d 1884-1975.
245 10 $a India's roots of democracy; $b a sociological analysis of rural India's experience in planned development since independence $c [by] Carl C. Taylor [and others]
260    $a New York, $b Praeger $c [1966, c1965]
300    $a xii, 694 p. $c 22 cm.
504    $a Includes bibliographies.
650  0 $a Community development $z India.
651  0 $a India $x Rural conditions.
907    $a .b11688956 $b 2007-06-13 $c 2001-05-17
909 CO $o oai:mills.tind.io:154174 $p GLOBAL_SET
910    $a rcp12
913    $a BIB
945    $b   -  -   $e   -  -   $f 0 $g 1 $i 33086000701102 $j 0 $l bknf  $o - $p $0.00 $q - $r - $s - $t 40 $u 0 $v 0 $w 0 $x 0 $y .i12239938 $z 05-17-01 $h 0 $2 0 $3 0 $k   -  -   $4   -  -  
947 00 $a LTI060707
979    $a Pbook
998    $a bk $b 2001-03-23 $c m $d a $e - $f eng $g nyu $h 0 $i 0
999    $a 8 $b 33086000701102 $c 1 $e Status: on shelf $f 20200612 $g 8 $h Suppress: 0 $j 323.354 T239i $r TOT_CHECKOUT: 0

