01452cam a2200373I  4500
001 9952176108401401
005 20220810170424.0
008 711206r1955    ilu      b    000 0 eng c
010    $a a  55005647
035    $a 59252
035    $a (Mills)ocm00179132 
035    $a (MillsTIND)154167
040    $a Chicago. Univ. Libr. $c OUN $d m.c. $d SER $d OCL $d WSU $d m/c $d MIQ
049    $a MIQA
050 0  $a HM131 $b .R38 1955a
082    $a 301.35
092    $a 323.354 $b R315L
100 1  $a Redfield, Robert, $d 1897-1958.
245 14 $a The little community; $b viewpoints for the study of a human whole.
260    $a [Chicago] $b University of Chicago Press $c [1955]
300    $a 182 p. $c 24 cm.
440  0 $a Comparative studies of cultures and civilizations
500    $a "First published in Sweden as vol. 5 of the Gottesman lectures, Uppsala University."
504    $a Bibliographical references included in "Notes" (p. 169-177)
650  0 $a Community life.
907    $a .b11688889 $b 2007-06-13 $c 2001-05-17
909 CO $o oai:mills.tind.io:154167 $p GLOBAL_SET
910    $a rcp12
913    $a BIB
945    $b   -  -   $e   -  -   $f 0 $g 1 $i 33086000701060 $j 0 $l bknf  $o - $p $0.00 $q - $r - $s - $t 40 $u 0 $v 0 $w 0 $x 0 $y .i12239859 $z 05-17-01 $h 0 $2 0 $3 0 $k   -  -   $4   -  -  
947 00 $a LTI060707
979    $a Pbook
998    $a bk $b 2001-03-23 $c m $d a $e - $f eng $g ilu $h 4 $i 0
999    $a 8 $b 33086000701060 $c 1 $e Status: on shelf $f 20200612 $g 8 $h Suppress: 0 $j 323.354 R315L $r TOT_CHECKOUT: 0

