01349cam a2200361   4500
001 9952176109201401
005 20220810170424.0
008 680301s1968    cauab    b    000 0 eng  
010    $a 68010688 //r84
035    $a 59246
035    $a (Mills)ocm00258860 
035    $a (MillsTIND)154158
040    $a DLC $c DLC $d MIQ
049    $a MIQA
050 0  $a HN761.H62 $b P6
082    $a 330.9512/5
092    $a 323.354 $b P867c
100 1  $a Potter, Jack M.
245 10 $a Capitalism and the Chinese peasant; $b social and economic change in a Hong Kong village $c [by] Jack M. Potter.
260    $a Berkeley, $b University of California Press, $c 1968.
300    $a xiii, 215 p. $b illus., map. $c 24 cm.
504    $a Bibliography: p. 207-212.
650  0 $a Agriculture $x Economic aspects $z China $z Hong Kong.
651  0 $a Hong Kong (China) $x Rural conditions.
907    $a .b11688798 $b 2007-06-13 $c 2001-05-17
909 CO $o oai:mills.tind.io:154158 $p GLOBAL_SET
910    $a rcp12
913    $a BIB
945    $b   -  -   $e   -  -   $f 0 $g 1 $i 33086000700989 $j 0 $l bknf  $o - $p $0.00 $q - $r - $s - $t 40 $u 0 $v 0 $w 0 $x 0 $y .i12239732 $z 05-17-01 $h 0 $2 0 $3 0 $k   -  -   $4   -  -  
947 00 $a LTI060707
979    $a Pbook
998    $a bk $b 2001-03-23 $c m $d a $e - $f eng $g cau $h 0 $i 0
999    $a 8 $b 33086000700989 $c 1 $e Status: on shelf $f 20200612 $g 8 $h Suppress: 0 $j 323.354 P867c $r TOT_CHECKOUT: 0

