01234cam a2200373   4500
001 9952176113701401
005 20220810170432.0
008 690319s1969    nmu      b    000 0 eng  
010    $a 68056227
020    $c 6.00
035    $a 59230
035    $a (Mills)ocm00002608 
035    $a (MillsTIND)154135
040    $a DLC $c DLC $d m.c. $d SER $d MIQ
049    $a MIQA
050 0  $a HD156 $b .B6
082    $a 301.44/4
092    $a 323.354 $b B665p
100 1  $a Bock, Philip K.
245 10 $a Peasants in the modern world. $c Edited by Philip K. Bock.
250    $a [1st ed.
260    $a Albuquerque] $b University of New Mexico Press $c [1969]
300    $a 173 p. $c 22 cm.
504    $a Bibliography: p. 159-173.
650  0 $a Peasants.
907    $a .b11688506 $b 2011-10-27 $c 2001-05-17
909 CO $o oai:mills.tind.io:154135 $p GLOBAL_SET
910    $a rcp12
913    $a BIB
945    $b   -  -   $e   -  -   $f 0 $g 1 $i 33086000700823 $j 0 $l bknf  $o - $p $0.00 $q - $r - $s - $t 40 $u 0 $v 0 $w 0 $x 0 $y .i12239306 $z 05-17-01 $h 0 $2 0 $3 0 $k   -  -   $4   -  -  
947 00 $a LTI060707
979    $a Pbook
998    $a bk $b 2001-03-23 $c m $d a $e - $f eng $g nmu $h 0 $i 0
999    $a 8 $b 33086000700823 $c 1 $e Status: on shelf $f 20200612 $g 8 $h Suppress: 0 $j 323.354 B665p $r TOT_CHECKOUT: 0

