01316cam a2200385 i 4500
001 9952176125301401
005 20220810170436.0
008 760303s1976    mdu      b    000 0 engm 
010    $a 76007043 //r88
020    $a 0801817846
035    $a 59372
035    $a (Mills)ocm02089690 
035    $a (MillsTIND)154328
040    $a DLC $c DLC $d m.c. $d MIQ
049    $a MIQA
050 0  $a JC571 $b .C643
082    $a 323.4
092    $a 323.4 $b C737
245 00 $a Comparative human rights / $c edited by Richard P. Claude.
260    $a Baltimore : $b Johns Hopkins University Press, $c c1976.
300    $a xvi, 410 p. ; $c 24 cm.
504    $a Includes bibliographical references.
650  0 $a Civil rights.
650  0 $a Comparative government.
650  0 $a Human rights.
700 1  $a Claude, Richard Pierre, $d 1934-
907    $a .b11690653 $b 2007-06-13 $c 2001-05-17
909 CO $o oai:mills.tind.io:154328 $p GLOBAL_SET
910    $a rcp12
913    $a BIB
945    $b   -  -   $e   -  -   $f 0 $g 1 $i 33086000702498 $j 0 $l bknf  $o - $p $0.00 $q - $r - $s - $t 40 $u 0 $v 0 $w 0 $x 0 $y .i12242068 $z 05-17-01 $h 0 $2 0 $3 0 $k   -  -   $4   -  -  
947 00 $a LTI060707
979    $a Pbook
998    $a bk $b 2001-03-23 $c m $d a $e - $f eng $g mdu $h 0 $i 0
999    $a 8 $b 33086000702498 $c 1 $e Status: on shelf $f 20200612 $g 8 $h Suppress: 0 $j 323.4 C737 $r TOT_CHECKOUT: 0

