01179cam a2200361   4500
001 9952176137801401
005 20220810170435.0
008 690515s1969    nyu      b    001 0 eng  
010    $a 77079191
020    $c 10.00
035    $a 59221
035    $a (Mills)ocm00008777 
035    $a (MillsTIND)154122
040    $a DLC $c DLC $d m.c. $d OCL $d MIQ
049    $a MIQA
050 0  $a HT351 $b .D58
082    $a 301.3/62
092    $a 323.353 $b D676s
100 1  $a Donaldson, Scott, $d 1928-
245 14 $a The suburban myth.
260    $a New York, $b Columbia Univ. Press, $c 1969.
300    $a x, 272 p. $c 24 cm.
504    $a Bibliography: p. [241]-267.
650  0 $a Suburban life.
907    $a .b1168835x $b 2007-06-13 $c 2001-05-17
909 CO $o oai:mills.tind.io:154122 $p GLOBAL_SET
910    $a rcp12
913    $a BIB
945    $b   -  -   $e   -  -   $f 0 $g 1 $i 33086000700732 $j 0 $l bknf  $o - $p $0.00 $q - $r - $s - $t 40 $u 0 $v 0 $w 0 $x 0 $y .i1223915x $z 05-17-01 $h 0 $2 0 $3 0 $k   -  -   $4   -  -  
947 00 $a LTI060707
979    $a Pbook
998    $a bk $b 2001-03-23 $c m $d a $e - $f eng $g nyu $h 4 $i 0
999    $a 8 $b 33086000700732 $c 1 $e Status: on shelf $f 20200612 $g 8 $h Suppress: 0 $j 323.353 D676s $r TOT_CHECKOUT: 0

