01509cam a2200409I  4500
001 9952176138301401
005 20220810170442.0
008 721212s1938    nyua     b    000 0 eng  
010    $a 38014896
035    $a 59216
035    $a (Mills)ocm00512960 
035    $a (MillsTIND)154116
040    $a DLC $c CSU $d OCL $d MIQ
049    $a MIQA
050 0  $a HT151 $b .W6
082    $a 323.3520973
092    $a 323.352 $b W916m
100 1  $a Woolston, Howard Brown, $d 1876-1961.
245 10 $a Metropolis; $b a study of urban communities, $c by Howard Woolston ...
260    $a New York, $a London, $b D. Appleton-Century Company incorporated $c [c1938]
300    $a xii p., 1 l., 325 p. $b diagrs. $c 23 cm.
490 1  $a The Century social science series
504    $a "Authors and works cited": p. 311-316.
650  0 $a Cities and towns $z United States.
650  0 $a City and town life.
650  0 $a Social psychology.
651  0 $a United States $x Social conditions.
830  0 $a Century social science series.
907    $a .b11688270 $b 2007-06-13 $c 2001-05-17
909 CO $o oai:mills.tind.io:154116 $p GLOBAL_SET
910    $a rcp12
913    $a BIB
945    $b   -  -   $e   -  -   $f 0 $g 1 $i 33086000700682 $j 0 $l bknf  $o - $p $0.00 $q - $r - $s - $t 40 $u 0 $v 0 $w 0 $x 0 $y .i12239070 $z 05-17-01 $h 0 $2 0 $3 0 $k   -  -   $4   -  -  
947 00 $a LTI060707
979    $a Pbook
998    $a bk $b 2001-03-23 $c m $d a $e - $f eng $g nyu $h 0 $i 0
999    $a 8 $b 33086000700682 $c 1 $e Status: on shelf $f 20200612 $g 8 $h Suppress: 0 $j 323.352 W916m $r TOT_CHECKOUT: 0

